%YAML 1.1
%TAG !u! tag:unity3d.com,2011:
--- !u!1 &9011993031353539076
GameObject:
  m_ObjectHideFlags: 0
  m_CorrespondingSourceObject: {fileID: 0}
  m_PrefabInstance: {fileID: 0}
  m_PrefabAsset: {fileID: 0}
  serializedVersion: 6
  m_Component:
  - component: {fileID: 4711309252995572764}
  m_Layer: 0
  m_Name: Simple House
  m_TagString: Untagged
  m_Icon: {fileID: 0}
  m_NavMeshLayer: 0
  m_StaticEditorFlags: 0
  m_IsActive: 1
--- !u!4 &4711309252995572764
Transform:
  m_ObjectHideFlags: 0
  m_CorrespondingSourceObject: {fileID: 0}
  m_PrefabInstance: {fileID: 0}
  m_PrefabAsset: {fileID: 0}
  m_GameObject: {fileID: 9011993031353539076}
  m_LocalRotation: {x: 0, y: 0, z: 0, w: 1}
  m_LocalPosition: {x: 10.306008, y: 2.7951295, z: -2.0374482}
  m_LocalScale: {x: 1, y: 1, z: 1}
  m_Children:
  - {fileID: 1128615150549565464}
  - {fileID: 1128276157788949341}
  - {fileID: 1128276158429901350}
  - {fileID: 1128276158211979865}
  - {fileID: 1128276158004752981}
  - {fileID: 1128276159519283632}
  - {fileID: 1128276158324646586}
  - {fileID: 1128276158920356264}
  - {fileID: 1132093302044541364}
  - {fileID: 1128276159081777858}
  - {fileID: 1128276158013260789}
  - {fileID: 1128276158186269189}
  - {fileID: 1128209366204300238}
  - {fileID: 1128209365785133538}
  - {fileID: 1128615149707629322}
  - {fileID: 1128615148692302340}
  - {fileID: 1128615148778991460}
  m_Father: {fileID: 0}
  m_RootOrder: 0
  m_LocalEulerAnglesHint: {x: 0, y: 0, z: 0}
--- !u!1001 &1132900441634038236
PrefabInstance:
  m_ObjectHideFlags: 0
  serializedVersion: 2
  m_Modification:
    m_TransformParent: {fileID: 4711309252995572764}
    m_Modifications:
    - target: {fileID: 1575056824761088, guid: 69a699bfe67a74124b25abb930d7ced6, type: 3}
      propertyPath: m_Name
      value: victorian_wall_brick_1 (6)
      objectReference: {fileID: 0}
    - target: {fileID: 4696852914475124, guid: 69a699bfe67a74124b25abb930d7ced6, type: 3}
      propertyPath: m_LocalPosition.x
      value: 3.1939917
      objectReference: {fileID: 0}
    - target: {fileID: 4696852914475124, guid: 69a699bfe67a74124b25abb930d7ced6, type: 3}
      propertyPath: m_LocalPosition.y
      value: -2.7951295
      objectReference: {fileID: 0}
    - target: {fileID: 4696852914475124, guid: 69a699bfe67a74124b25abb930d7ced6, type: 3}
      propertyPath: m_LocalPosition.z
      value: 0.53744817
      objectReference: {fileID: 0}
    - target: {fileID: 4696852914475124, guid: 69a699bfe67a74124b25abb930d7ced6, type: 3}
      propertyPath: m_LocalRotation.x
      value: -0
      objectReference: {fileID: 0}
    - target: {fileID: 4696852914475124, guid: 69a699bfe67a74124b25abb930d7ced6, type: 3}
      propertyPath: m_LocalRotation.y
      value: -0.7071068
      objectReference: {fileID: 0}
    - target: {fileID: 4696852914475124, guid: 69a699bfe67a74124b25abb930d7ced6, type: 3}
      propertyPath: m_LocalRotation.z
      value: -0
      objectReference: {fileID: 0}
    - target: {fileID: 4696852914475124, guid: 69a699bfe67a74124b25abb930d7ced6, type: 3}
      propertyPath: m_LocalRotation.w
      value: 0.7071068
      objectReference: {fileID: 0}
    - target: {fileID: 4696852914475124, guid: 69a699bfe67a74124b25abb930d7ced6, type: 3}
      propertyPath: m_RootOrder
      value: 7
      objectReference: {fileID: 0}
    - target: {fileID: 4696852914475124, guid: 69a699bfe67a74124b25abb930d7ced6, type: 3}
      propertyPath: m_LocalEulerAnglesHint.x
      value: 0
      objectReference: {fileID: 0}
    - target: {fileID: 4696852914475124, guid: 69a699bfe67a74124b25abb930d7ced6, type: 3}
      propertyPath: m_LocalEulerAnglesHint.y
      value: -90
      objectReference: {fileID: 0}
    - target: {fileID: 4696852914475124, guid: 69a699bfe67a74124b25abb930d7ced6, type: 3}
      propertyPath: m_LocalEulerAnglesHint.z
      value: 0
      objectReference: {fileID: 0}
    - target: {fileID: 4696852914475124, guid: 69a699bfe67a74124b25abb930d7ced6, type: 3}
      propertyPath: m_LocalScale.z
      value: 1
      objectReference: {fileID: 0}
    m_RemovedComponents: []
  m_SourcePrefab: {fileID: 100100000, guid: 69a699bfe67a74124b25abb930d7ced6, type: 3}
--- !u!4 &1128276158920356264 stripped
Transform:
  m_CorrespondingSourceObject: {fileID: 4696852914475124, guid: 69a699bfe67a74124b25abb930d7ced6,
    type: 3}
  m_PrefabInstance: {fileID: 1132900441634038236}
  m_PrefabAsset: {fileID: 0}
--- !u!1001 &1132900441805076402
PrefabInstance:
  m_ObjectHideFlags: 0
  serializedVersion: 2
  m_Modification:
    m_TransformParent: {fileID: 4711309252995572764}
    m_Modifications:
    - target: {fileID: 1433416042149084, guid: df4e63dd0e636425997108ff5079a4e8, type: 3}
      propertyPath: m_Name
      value: victorian_wall_brick_1_door
      objectReference: {fileID: 0}
    - target: {fileID: 4184944181671430, guid: df4e63dd0e636425997108ff5079a4e8, type: 3}
      propertyPath: m_LocalPosition.x
      value: -5.716008
      objectReference: {fileID: 0}
    - target: {fileID: 4184944181671430, guid: df4e63dd0e636425997108ff5079a4e8, type: 3}
      propertyPath: m_LocalPosition.y
      value: -2.7951295
      objectReference: {fileID: 0}
    - target: {fileID: 4184944181671430, guid: df4e63dd0e636425997108ff5079a4e8, type: 3}
      propertyPath: m_LocalPosition.z
      value: 2.0174482
      objectReference: {fileID: 0}
    - target: {fileID: 4184944181671430, guid: df4e63dd0e636425997108ff5079a4e8, type: 3}
      propertyPath: m_LocalRotation.x
      value: -0
      objectReference: {fileID: 0}
    - target: {fileID: 4184944181671430, guid: df4e63dd0e636425997108ff5079a4e8, type: 3}
      propertyPath: m_LocalRotation.y
      value: 0.7071068
      objectReference: {fileID: 0}
    - target: {fileID: 4184944181671430, guid: df4e63dd0e636425997108ff5079a4e8, type: 3}
      propertyPath: m_LocalRotation.z
      value: -0
      objectReference: {fileID: 0}
    - target: {fileID: 4184944181671430, guid: df4e63dd0e636425997108ff5079a4e8, type: 3}
      propertyPath: m_LocalRotation.w
      value: 0.7071068
      objectReference: {fileID: 0}
    - target: {fileID: 4184944181671430, guid: df4e63dd0e636425997108ff5079a4e8, type: 3}
      propertyPath: m_RootOrder
      value: 8
      objectReference: {fileID: 0}
    - target: {fileID: 4184944181671430, guid: df4e63dd0e636425997108ff5079a4e8, type: 3}
      propertyPath: m_LocalEulerAnglesHint.x
      value: 0
      objectReference: {fileID: 0}
    - target: {fileID: 4184944181671430, guid: df4e63dd0e636425997108ff5079a4e8, type: 3}
      propertyPath: m_LocalEulerAnglesHint.y
      value: 90
      objectReference: {fileID: 0}
    - target: {fileID: 4184944181671430, guid: df4e63dd0e636425997108ff5079a4e8, type: 3}
      propertyPath: m_LocalEulerAnglesHint.z
      value: 0
      objectReference: {fileID: 0}
    - target: {fileID: 4184944181671430, guid: df4e63dd0e636425997108ff5079a4e8, type: 3}
      propertyPath: m_LocalScale.z
      value: 1
      objectReference: {fileID: 0}
    m_RemovedComponents: []
  m_SourcePrefab: {fileID: 100100000, guid: df4e63dd0e636425997108ff5079a4e8, type: 3}
--- !u!4 &1132093302044541364 stripped
Transform:
  m_CorrespondingSourceObject: {fileID: 4184944181671430, guid: df4e63dd0e636425997108ff5079a4e8,
    type: 3}
  m_PrefabInstance: {fileID: 1132900441805076402}
  m_PrefabAsset: {fileID: 0}
--- !u!1001 &1132900441807559992
PrefabInstance:
  m_ObjectHideFlags: 0
  serializedVersion: 2
  m_Modification:
    m_TransformParent: {fileID: 4711309252995572764}
    m_Modifications:
    - target: {fileID: 1795951415486244, guid: 1b4a7809d15dd412290da85684fd462d, type: 3}
      propertyPath: m_Name
      value: victorian_roof_1
      objectReference: {fileID: 0}
    - target: {fileID: 4761451867842294, guid: 1b4a7809d15dd412290da85684fd462d, type: 3}
      propertyPath: m_LocalPosition.x
      value: -1.3160086
      objectReference: {fileID: 0}
    - target: {fileID: 4761451867842294, guid: 1b4a7809d15dd412290da85684fd462d, type: 3}
      propertyPath: m_LocalPosition.y
      value: 0.24487042
      objectReference: {fileID: 0}
    - target: {fileID: 4761451867842294, guid: 1b4a7809d15dd412290da85684fd462d, type: 3}
      propertyPath: m_LocalPosition.z
      value: -0.12255192
      objectReference: {fileID: 0}
    - target: {fileID: 4761451867842294, guid: 1b4a7809d15dd412290da85684fd462d, type: 3}
      propertyPath: m_LocalRotation.x
      value: -0
      objectReference: {fileID: 0}
    - target: {fileID: 4761451867842294, guid: 1b4a7809d15dd412290da85684fd462d, type: 3}
      propertyPath: m_LocalRotation.y
      value: -0
      objectReference: {fileID: 0}
    - target: {fileID: 4761451867842294, guid: 1b4a7809d15dd412290da85684fd462d, type: 3}
      propertyPath: m_LocalRotation.z
      value: -0
      objectReference: {fileID: 0}
    - target: {fileID: 4761451867842294, guid: 1b4a7809d15dd412290da85684fd462d, type: 3}
      propertyPath: m_LocalRotation.w
      value: 1
      objectReference: {fileID: 0}
    - target: {fileID: 4761451867842294, guid: 1b4a7809d15dd412290da85684fd462d, type: 3}
      propertyPath: m_RootOrder
      value: 12
      objectReference: {fileID: 0}
    - target: {fileID: 4761451867842294, guid: 1b4a7809d15dd412290da85684fd462d, type: 3}
      propertyPath: m_LocalEulerAnglesHint.x
      value: 0
      objectReference: {fileID: 0}
    - target: {fileID: 4761451867842294, guid: 1b4a7809d15dd412290da85684fd462d, type: 3}
      propertyPath: m_LocalEulerAnglesHint.y
      value: 0
      objectReference: {fileID: 0}
    - target: {fileID: 4761451867842294, guid: 1b4a7809d15dd412290da85684fd462d, type: 3}
      propertyPath: m_LocalEulerAnglesHint.z
      value: 0
      objectReference: {fileID: 0}
    - target: {fileID: 4761451867842294, guid: 1b4a7809d15dd412290da85684fd462d, type: 3}
      propertyPath: m_LocalScale.x
      value: 3.3375
      objectReference: {fileID: 0}
    m_RemovedComponents: []
  m_SourcePrefab: {fileID: 100100000, guid: 1b4a7809d15dd412290da85684fd462d, type: 3}
--- !u!4 &1128209366204300238 stripped
Transform:
  m_CorrespondingSourceObject: {fileID: 4761451867842294, guid: 1b4a7809d15dd412290da85684fd462d,
    type: 3}
  m_PrefabInstance: {fileID: 1132900441807559992}
  m_PrefabAsset: {fileID: 0}
--- !u!1001 &1132900442063968950
PrefabInstance:
  m_ObjectHideFlags: 0
  serializedVersion: 2
  m_Modification:
    m_TransformParent: {fileID: 4711309252995572764}
    m_Modifications:
    - target: {fileID: 1575056824761088, guid: 69a699bfe67a74124b25abb930d7ced6, type: 3}
      propertyPath: m_Name
      value: victorian_wall_brick_1 (7)
      objectReference: {fileID: 0}
    - target: {fileID: 4696852914475124, guid: 69a699bfe67a74124b25abb930d7ced6, type: 3}
      propertyPath: m_LocalPosition.x
      value: 3.1939917
      objectReference: {fileID: 0}
    - target: {fileID: 4696852914475124, guid: 69a699bfe67a74124b25abb930d7ced6, type: 3}
      propertyPath: m_LocalPosition.y
      value: -2.7951295
      objectReference: {fileID: 0}
    - target: {fileID: 4696852914475124, guid: 69a699bfe67a74124b25abb930d7ced6, type: 3}
      propertyPath: m_LocalPosition.z
      value: 3.457448
      objectReference: {fileID: 0}
    - target: {fileID: 4696852914475124, guid: 69a699bfe67a74124b25abb930d7ced6, type: 3}
      propertyPath: m_LocalRotation.x
      value: -0
      objectReference: {fileID: 0}
    - target: {fileID: 4696852914475124, guid: 69a699bfe67a74124b25abb930d7ced6, type: 3}
      propertyPath: m_LocalRotation.y
      value: -0.7071068
      objectReference: {fileID: 0}
    - target: {fileID: 4696852914475124, guid: 69a699bfe67a74124b25abb930d7ced6, type: 3}
      propertyPath: m_LocalRotation.z
      value: -0
      objectReference: {fileID: 0}
    - target: {fileID: 4696852914475124, guid: 69a699bfe67a74124b25abb930d7ced6, type: 3}
      propertyPath: m_LocalRotation.w
      value: 0.7071068
      objectReference: {fileID: 0}
    - target: {fileID: 4696852914475124, guid: 69a699bfe67a74124b25abb930d7ced6, type: 3}
      propertyPath: m_RootOrder
      value: 9
      objectReference: {fileID: 0}
    - target: {fileID: 4696852914475124, guid: 69a699bfe67a74124b25abb930d7ced6, type: 3}
      propertyPath: m_LocalEulerAnglesHint.x
      value: 0
      objectReference: {fileID: 0}
    - target: {fileID: 4696852914475124, guid: 69a699bfe67a74124b25abb930d7ced6, type: 3}
      propertyPath: m_LocalEulerAnglesHint.y
      value: -90
      objectReference: {fileID: 0}
    - target: {fileID: 4696852914475124, guid: 69a699bfe67a74124b25abb930d7ced6, type: 3}
      propertyPath: m_LocalEulerAnglesHint.z
      value: 0
      objectReference: {fileID: 0}
    - target: {fileID: 4696852914475124, guid: 69a699bfe67a74124b25abb930d7ced6, type: 3}
      propertyPath: m_LocalScale.z
      value: 1
      objectReference: {fileID: 0}
    m_RemovedComponents: []
  m_SourcePrefab: {fileID: 100100000, guid: 69a699bfe67a74124b25abb930d7ced6, type: 3}
--- !u!4 &1128276159081777858 stripped
Transform:
  m_CorrespondingSourceObject: {fileID: 4696852914475124, guid: 69a699bfe67a74124b25abb930d7ced6,
    type: 3}
  m_PrefabInstance: {fileID: 1132900442063968950}
  m_PrefabAsset: {fileID: 0}
--- !u!1001 &1132900442227271444
PrefabInstance:
  m_ObjectHideFlags: 0
  serializedVersion: 2
  m_Modification:
    m_TransformParent: {fileID: 4711309252995572764}
    m_Modifications:
    - target: {fileID: 1795951415486244, guid: 1b4a7809d15dd412290da85684fd462d, type: 3}
      propertyPath: m_Name
      value: victorian_roof_1 (1)
      objectReference: {fileID: 0}
    - target: {fileID: 4761451867842294, guid: 1b4a7809d15dd412290da85684fd462d, type: 3}
      propertyPath: m_LocalPosition.x
      value: -1.3160086
      objectReference: {fileID: 0}
    - target: {fileID: 4761451867842294, guid: 1b4a7809d15dd412290da85684fd462d, type: 3}
      propertyPath: m_LocalPosition.y
      value: 0.20487046
      objectReference: {fileID: 0}
    - target: {fileID: 4761451867842294, guid: 1b4a7809d15dd412290da85684fd462d, type: 3}
      propertyPath: m_LocalPosition.z
      value: 3.7174482
      objectReference: {fileID: 0}
    - target: {fileID: 4761451867842294, guid: 1b4a7809d15dd412290da85684fd462d, type: 3}
      propertyPath: m_LocalRotation.x
      value: -0
      objectReference: {fileID: 0}
    - target: {fileID: 4761451867842294, guid: 1b4a7809d15dd412290da85684fd462d, type: 3}
      propertyPath: m_LocalRotation.y
      value: 1
      objectReference: {fileID: 0}
    - target: {fileID: 4761451867842294, guid: 1b4a7809d15dd412290da85684fd462d, type: 3}
      propertyPath: m_LocalRotation.z
      value: -0
      objectReference: {fileID: 0}
    - target: {fileID: 4761451867842294, guid: 1b4a7809d15dd412290da85684fd462d, type: 3}
      propertyPath: m_LocalRotation.w
      value: 0
      objectReference: {fileID: 0}
    - target: {fileID: 4761451867842294, guid: 1b4a7809d15dd412290da85684fd462d, type: 3}
      propertyPath: m_RootOrder
      value: 13
      objectReference: {fileID: 0}
    - target: {fileID: 4761451867842294, guid: 1b4a7809d15dd412290da85684fd462d, type: 3}
      propertyPath: m_LocalEulerAnglesHint.x
      value: 0
      objectReference: {fileID: 0}
    - target: {fileID: 4761451867842294, guid: 1b4a7809d15dd412290da85684fd462d, type: 3}
      propertyPath: m_LocalEulerAnglesHint.y
      value: 180
      objectReference: {fileID: 0}
    - target: {fileID: 4761451867842294, guid: 1b4a7809d15dd412290da85684fd462d, type: 3}
      propertyPath: m_LocalEulerAnglesHint.z
      value: 0
      objectReference: {fileID: 0}
    - target: {fileID: 4761451867842294, guid: 1b4a7809d15dd412290da85684fd462d, type: 3}
      propertyPath: m_LocalScale.x
      value: 3.3375
      objectReference: {fileID: 0}
    m_RemovedComponents: []
  m_SourcePrefab: {fileID: 100100000, guid: 1b4a7809d15dd412290da85684fd462d, type: 3}
--- !u!4 &1128209365785133538 stripped
Transform:
  m_CorrespondingSourceObject: {fileID: 4761451867842294, guid: 1b4a7809d15dd412290da85684fd462d,
    type: 3}
  m_PrefabInstance: {fileID: 1132900442227271444}
  m_PrefabAsset: {fileID: 0}
--- !u!1001 &1132900442332145726
PrefabInstance:
  m_ObjectHideFlags: 0
  serializedVersion: 2
  m_Modification:
    m_TransformParent: {fileID: 4711309252995572764}
    m_Modifications:
    - target: {fileID: 1056484336103022, guid: c9aeb4399ae4b452798789201fffc05d, type: 3}
      propertyPath: m_Name
      value: victorian_roof_1_side
      objectReference: {fileID: 0}
    - target: {fileID: 4920919583008806, guid: c9aeb4399ae4b452798789201fffc05d, type: 3}
      propertyPath: m_LocalPosition.x
      value: 3.293992
      objectReference: {fileID: 0}
    - target: {fileID: 4920919583008806, guid: c9aeb4399ae4b452798789201fffc05d, type: 3}
      propertyPath: m_LocalPosition.y
      value: 0.20487046
      objectReference: {fileID: 0}
    - target: {fileID: 4920919583008806, guid: c9aeb4399ae4b452798789201fffc05d, type: 3}
      propertyPath: m_LocalPosition.z
      value: 0.017448187
      objectReference: {fileID: 0}
    - target: {fileID: 4920919583008806, guid: c9aeb4399ae4b452798789201fffc05d, type: 3}
      propertyPath: m_LocalRotation.x
      value: -0
      objectReference: {fileID: 0}
    - target: {fileID: 4920919583008806, guid: c9aeb4399ae4b452798789201fffc05d, type: 3}
      propertyPath: m_LocalRotation.y
      value: -0
      objectReference: {fileID: 0}
    - target: {fileID: 4920919583008806, guid: c9aeb4399ae4b452798789201fffc05d, type: 3}
      propertyPath: m_LocalRotation.z
      value: -0
      objectReference: {fileID: 0}
    - target: {fileID: 4920919583008806, guid: c9aeb4399ae4b452798789201fffc05d, type: 3}
      propertyPath: m_LocalRotation.w
      value: 1
      objectReference: {fileID: 0}
    - target: {fileID: 4920919583008806, guid: c9aeb4399ae4b452798789201fffc05d, type: 3}
      propertyPath: m_RootOrder
      value: 0
      objectReference: {fileID: 0}
    - target: {fileID: 4920919583008806, guid: c9aeb4399ae4b452798789201fffc05d, type: 3}
      propertyPath: m_LocalEulerAnglesHint.x
      value: 0
      objectReference: {fileID: 0}
    - target: {fileID: 4920919583008806, guid: c9aeb4399ae4b452798789201fffc05d, type: 3}
      propertyPath: m_LocalEulerAnglesHint.y
      value: 0
      objectReference: {fileID: 0}
    - target: {fileID: 4920919583008806, guid: c9aeb4399ae4b452798789201fffc05d, type: 3}
      propertyPath: m_LocalEulerAnglesHint.z
      value: 0
      objectReference: {fileID: 0}
    m_RemovedComponents: []
  m_SourcePrefab: {fileID: 100100000, guid: c9aeb4399ae4b452798789201fffc05d, type: 3}
--- !u!4 &1128615150549565464 stripped
Transform:
  m_CorrespondingSourceObject: {fileID: 4920919583008806, guid: c9aeb4399ae4b452798789201fffc05d,
    type: 3}
  m_PrefabInstance: {fileID: 1132900442332145726}
  m_PrefabAsset: {fileID: 0}
--- !u!1001 &1132900442502056388
PrefabInstance:
  m_ObjectHideFlags: 0
  serializedVersion: 2
  m_Modification:
    m_TransformParent: {fileID: 4711309252995572764}
    m_Modifications:
    - target: {fileID: 1575056824761088, guid: 69a699bfe67a74124b25abb930d7ced6, type: 3}
      propertyPath: m_Name
      value: victorian_wall_brick_1 (4)
      objectReference: {fileID: 0}
    - target: {fileID: 4696852914475124, guid: 69a699bfe67a74124b25abb930d7ced6, type: 3}
      propertyPath: m_LocalPosition.x
      value: -1.3060083
      objectReference: {fileID: 0}
    - target: {fileID: 4696852914475124, guid: 69a699bfe67a74124b25abb930d7ced6, type: 3}
      propertyPath: m_LocalPosition.y
      value: -2.7951295
      objectReference: {fileID: 0}
    - target: {fileID: 4696852914475124, guid: 69a699bfe67a74124b25abb930d7ced6, type: 3}
      propertyPath: m_LocalPosition.z
      value: 5.037448
      objectReference: {fileID: 0}
    - target: {fileID: 4696852914475124, guid: 69a699bfe67a74124b25abb930d7ced6, type: 3}
      propertyPath: m_LocalRotation.x
      value: -0
      objectReference: {fileID: 0}
    - target: {fileID: 4696852914475124, guid: 69a699bfe67a74124b25abb930d7ced6, type: 3}
      propertyPath: m_LocalRotation.y
      value: -0
      objectReference: {fileID: 0}
    - target: {fileID: 4696852914475124, guid: 69a699bfe67a74124b25abb930d7ced6, type: 3}
      propertyPath: m_LocalRotation.z
      value: -0
      objectReference: {fileID: 0}
    - target: {fileID: 4696852914475124, guid: 69a699bfe67a74124b25abb930d7ced6, type: 3}
      propertyPath: m_LocalRotation.w
      value: 1
      objectReference: {fileID: 0}
    - target: {fileID: 4696852914475124, guid: 69a699bfe67a74124b25abb930d7ced6, type: 3}
      propertyPath: m_RootOrder
      value: 5
      objectReference: {fileID: 0}
    - target: {fileID: 4696852914475124, guid: 69a699bfe67a74124b25abb930d7ced6, type: 3}
      propertyPath: m_LocalEulerAnglesHint.x
      value: 0
      objectReference: {fileID: 0}
    - target: {fileID: 4696852914475124, guid: 69a699bfe67a74124b25abb930d7ced6, type: 3}
      propertyPath: m_LocalEulerAnglesHint.y
      value: 0
      objectReference: {fileID: 0}
    - target: {fileID: 4696852914475124, guid: 69a699bfe67a74124b25abb930d7ced6, type: 3}
      propertyPath: m_LocalEulerAnglesHint.z
      value: 0
      objectReference: {fileID: 0}
    - target: {fileID: 4696852914475124, guid: 69a699bfe67a74124b25abb930d7ced6, type: 3}
      propertyPath: m_LocalScale.x
      value: 1
      objectReference: {fileID: 0}
    m_RemovedComponents: []
  m_SourcePrefab: {fileID: 100100000, guid: 69a699bfe67a74124b25abb930d7ced6, type: 3}
--- !u!4 &1128276159519283632 stripped
Transform:
  m_CorrespondingSourceObject: {fileID: 4696852914475124, guid: 69a699bfe67a74124b25abb930d7ced6,
    type: 3}
  m_PrefabInstance: {fileID: 1132900442502056388}
  m_PrefabAsset: {fileID: 0}
--- !u!1001 &1132900442616503081
PrefabInstance:
  m_ObjectHideFlags: 0
  serializedVersion: 2
  m_Modification:
    m_TransformParent: {fileID: 4711309252995572764}
    m_Modifications:
    - target: {fileID: 1575056824761088, guid: 69a699bfe67a74124b25abb930d7ced6, type: 3}
      propertyPath: m_Name
      value: victorian_wall_brick_1
      objectReference: {fileID: 0}
    - target: {fileID: 4696852914475124, guid: 69a699bfe67a74124b25abb930d7ced6, type: 3}
      propertyPath: m_LocalPosition.x
      value: -1.3060083
      objectReference: {fileID: 0}
    - target: {fileID: 4696852914475124, guid: 69a699bfe67a74124b25abb930d7ced6, type: 3}
      propertyPath: m_LocalPosition.y
      value: -2.7951295
      objectReference: {fileID: 0}
    - target: {fileID: 4696852914475124, guid: 69a699bfe67a74124b25abb930d7ced6, type: 3}
      propertyPath: m_LocalPosition.z
      value: -0.96255183
      objectReference: {fileID: 0}
    - target: {fileID: 4696852914475124, guid: 69a699bfe67a74124b25abb930d7ced6, type: 3}
      propertyPath: m_LocalRotation.x
      value: -0
      objectReference: {fileID: 0}
    - target: {fileID: 4696852914475124, guid: 69a699bfe67a74124b25abb930d7ced6, type: 3}
      propertyPath: m_LocalRotation.y
      value: -0
      objectReference: {fileID: 0}
    - target: {fileID: 4696852914475124, guid: 69a699bfe67a74124b25abb930d7ced6, type: 3}
      propertyPath: m_LocalRotation.z
      value: -0
      objectReference: {fileID: 0}
    - target: {fileID: 4696852914475124, guid: 69a699bfe67a74124b25abb930d7ced6, type: 3}
      propertyPath: m_LocalRotation.w
      value: 1
      objectReference: {fileID: 0}
    - target: {fileID: 4696852914475124, guid: 69a699bfe67a74124b25abb930d7ced6, type: 3}
      propertyPath: m_RootOrder
      value: 1
      objectReference: {fileID: 0}
    - target: {fileID: 4696852914475124, guid: 69a699bfe67a74124b25abb930d7ced6, type: 3}
      propertyPath: m_LocalEulerAnglesHint.x
      value: 0
      objectReference: {fileID: 0}
    - target: {fileID: 4696852914475124, guid: 69a699bfe67a74124b25abb930d7ced6, type: 3}
      propertyPath: m_LocalEulerAnglesHint.y
      value: 0
      objectReference: {fileID: 0}
    - target: {fileID: 4696852914475124, guid: 69a699bfe67a74124b25abb930d7ced6, type: 3}
      propertyPath: m_LocalEulerAnglesHint.z
      value: 0
      objectReference: {fileID: 0}
    - target: {fileID: 4696852914475124, guid: 69a699bfe67a74124b25abb930d7ced6, type: 3}
      propertyPath: m_LocalScale.x
      value: 1
      objectReference: {fileID: 0}
    m_RemovedComponents: []
  m_SourcePrefab: {fileID: 100100000, guid: 69a699bfe67a74124b25abb930d7ced6, type: 3}
--- !u!4 &1128276157788949341 stripped
Transform:
  m_CorrespondingSourceObject: {fileID: 4696852914475124, guid: 69a699bfe67a74124b25abb930d7ced6,
    type: 3}
  m_PrefabInstance: {fileID: 1132900442616503081}
  m_PrefabAsset: {fileID: 0}
--- !u!1001 &1132900443029899074
PrefabInstance:
  m_ObjectHideFlags: 0
  serializedVersion: 2
  m_Modification:
    m_TransformParent: {fileID: 4711309252995572764}
    m_Modifications:
    - target: {fileID: 1056484336103022, guid: c9aeb4399ae4b452798789201fffc05d, type: 3}
      propertyPath: m_Name
      value: victorian_roof_1_side (3)
      objectReference: {fileID: 0}
    - target: {fileID: 4920919583008806, guid: c9aeb4399ae4b452798789201fffc05d, type: 3}
      propertyPath: m_LocalPosition.x
      value: -5.696008
      objectReference: {fileID: 0}
    - target: {fileID: 4920919583008806, guid: c9aeb4399ae4b452798789201fffc05d, type: 3}
      propertyPath: m_LocalPosition.y
      value: 0.20487046
      objectReference: {fileID: 0}
    - target: {fileID: 4920919583008806, guid: c9aeb4399ae4b452798789201fffc05d, type: 3}
      propertyPath: m_LocalPosition.z
      value: 3.9474483
      objectReference: {fileID: 0}
    - target: {fileID: 4920919583008806, guid: c9aeb4399ae4b452798789201fffc05d, type: 3}
      propertyPath: m_LocalRotation.x
      value: -0
      objectReference: {fileID: 0}
    - target: {fileID: 4920919583008806, guid: c9aeb4399ae4b452798789201fffc05d, type: 3}
      propertyPath: m_LocalRotation.y
      value: 1
      objectReference: {fileID: 0}
    - target: {fileID: 4920919583008806, guid: c9aeb4399ae4b452798789201fffc05d, type: 3}
      propertyPath: m_LocalRotation.z
      value: -0
      objectReference: {fileID: 0}
    - target: {fileID: 4920919583008806, guid: c9aeb4399ae4b452798789201fffc05d, type: 3}
      propertyPath: m_LocalRotation.w
      value: 0
      objectReference: {fileID: 0}
    - target: {fileID: 4920919583008806, guid: c9aeb4399ae4b452798789201fffc05d, type: 3}
      propertyPath: m_RootOrder
      value: 16
      objectReference: {fileID: 0}
    - target: {fileID: 4920919583008806, guid: c9aeb4399ae4b452798789201fffc05d, type: 3}
      propertyPath: m_LocalEulerAnglesHint.x
      value: 0
      objectReference: {fileID: 0}
    - target: {fileID: 4920919583008806, guid: c9aeb4399ae4b452798789201fffc05d, type: 3}
      propertyPath: m_LocalEulerAnglesHint.y
      value: 180
      objectReference: {fileID: 0}
    - target: {fileID: 4920919583008806, guid: c9aeb4399ae4b452798789201fffc05d, type: 3}
      propertyPath: m_LocalEulerAnglesHint.z
      value: 0
      objectReference: {fileID: 0}
    - target: {fileID: 4920919583008806, guid: c9aeb4399ae4b452798789201fffc05d, type: 3}
      propertyPath: m_LocalScale.x
      value: 1
      objectReference: {fileID: 0}
    m_RemovedComponents: []
  m_SourcePrefab: {fileID: 100100000, guid: c9aeb4399ae4b452798789201fffc05d, type: 3}
--- !u!4 &1128615148778991460 stripped
Transform:
  m_CorrespondingSourceObject: {fileID: 4920919583008806, guid: c9aeb4399ae4b452798789201fffc05d,
    type: 3}
  m_PrefabInstance: {fileID: 1132900443029899074}
  m_PrefabAsset: {fileID: 0}
--- !u!1001 &1132900443125137954
PrefabInstance:
  m_ObjectHideFlags: 0
  serializedVersion: 2
  m_Modification:
    m_TransformParent: {fileID: 4711309252995572764}
    m_Modifications:
    - target: {fileID: 1056484336103022, guid: c9aeb4399ae4b452798789201fffc05d, type: 3}
      propertyPath: m_Name
      value: victorian_roof_1_side (2)
      objectReference: {fileID: 0}
    - target: {fileID: 4920919583008806, guid: c9aeb4399ae4b452798789201fffc05d, type: 3}
      propertyPath: m_LocalPosition.x
      value: -5.696008
      objectReference: {fileID: 0}
    - target: {fileID: 4920919583008806, guid: c9aeb4399ae4b452798789201fffc05d, type: 3}
      propertyPath: m_LocalPosition.y
      value: 0.20487046
      objectReference: {fileID: 0}
    - target: {fileID: 4920919583008806, guid: c9aeb4399ae4b452798789201fffc05d, type: 3}
      propertyPath: m_LocalPosition.z
      value: 0.017448187
      objectReference: {fileID: 0}
    - target: {fileID: 4920919583008806, guid: c9aeb4399ae4b452798789201fffc05d, type: 3}
      propertyPath: m_LocalRotation.x
      value: -0
      objectReference: {fileID: 0}
    - target: {fileID: 4920919583008806, guid: c9aeb4399ae4b452798789201fffc05d, type: 3}
      propertyPath: m_LocalRotation.y
      value: -0
      objectReference: {fileID: 0}
    - target: {fileID: 4920919583008806, guid: c9aeb4399ae4b452798789201fffc05d, type: 3}
      propertyPath: m_LocalRotation.z
      value: -0
      objectReference: {fileID: 0}
    - target: {fileID: 4920919583008806, guid: c9aeb4399ae4b452798789201fffc05d, type: 3}
      propertyPath: m_LocalRotation.w
      value: 1
      objectReference: {fileID: 0}
    - target: {fileID: 4920919583008806, guid: c9aeb4399ae4b452798789201fffc05d, type: 3}
      propertyPath: m_RootOrder
      value: 15
      objectReference: {fileID: 0}
    - target: {fileID: 4920919583008806, guid: c9aeb4399ae4b452798789201fffc05d, type: 3}
      propertyPath: m_LocalEulerAnglesHint.x
      value: 0
      objectReference: {fileID: 0}
    - target: {fileID: 4920919583008806, guid: c9aeb4399ae4b452798789201fffc05d, type: 3}
      propertyPath: m_LocalEulerAnglesHint.y
      value: 0
      objectReference: {fileID: 0}
    - target: {fileID: 4920919583008806, guid: c9aeb4399ae4b452798789201fffc05d, type: 3}
      propertyPath: m_LocalEulerAnglesHint.z
      value: 0
      objectReference: {fileID: 0}
    - target: {fileID: 4920919583008806, guid: c9aeb4399ae4b452798789201fffc05d, type: 3}
      propertyPath: m_LocalScale.x
      value: 1
      objectReference: {fileID: 0}
    m_RemovedComponents: []
  m_SourcePrefab: {fileID: 100100000, guid: c9aeb4399ae4b452798789201fffc05d, type: 3}
--- !u!4 &1128615148692302340 stripped
Transform:
  m_CorrespondingSourceObject: {fileID: 4920919583008806, guid: c9aeb4399ae4b452798789201fffc05d,
    type: 3}
  m_PrefabInstance: {fileID: 1132900443125137954}
  m_PrefabAsset: {fileID: 0}
--- !u!1001 &1132900443143000961
PrefabInstance:
  m_ObjectHideFlags: 0
  serializedVersion: 2
  m_Modification:
    m_TransformParent: {fileID: 4711309252995572764}
    m_Modifications:
    - target: {fileID: 1575056824761088, guid: 69a699bfe67a74124b25abb930d7ced6, type: 3}
      propertyPath: m_Name
      value: victorian_wall_brick_1 (8)
      objectReference: {fileID: 0}
    - target: {fileID: 4696852914475124, guid: 69a699bfe67a74124b25abb930d7ced6, type: 3}
      propertyPath: m_LocalPosition.x
      value: -5.696008
      objectReference: {fileID: 0}
    - target: {fileID: 4696852914475124, guid: 69a699bfe67a74124b25abb930d7ced6, type: 3}
      propertyPath: m_LocalPosition.y
      value: -2.7951295
      objectReference: {fileID: 0}
    - target: {fileID: 4696852914475124, guid: 69a699bfe67a74124b25abb930d7ced6, type: 3}
      propertyPath: m_LocalPosition.z
      value: 4.1774483
      objectReference: {fileID: 0}
    - target: {fileID: 4696852914475124, guid: 69a699bfe67a74124b25abb930d7ced6, type: 3}
      propertyPath: m_LocalRotation.x
      value: -0
      objectReference: {fileID: 0}
    - target: {fileID: 4696852914475124, guid: 69a699bfe67a74124b25abb930d7ced6, type: 3}
      propertyPath: m_LocalRotation.y
      value: -0.7071068
      objectReference: {fileID: 0}
    - target: {fileID: 4696852914475124, guid: 69a699bfe67a74124b25abb930d7ced6, type: 3}
      propertyPath: m_LocalRotation.z
      value: -0
      objectReference: {fileID: 0}
    - target: {fileID: 4696852914475124, guid: 69a699bfe67a74124b25abb930d7ced6, type: 3}
      propertyPath: m_LocalRotation.w
      value: 0.7071068
      objectReference: {fileID: 0}
    - target: {fileID: 4696852914475124, guid: 69a699bfe67a74124b25abb930d7ced6, type: 3}
      propertyPath: m_RootOrder
      value: 10
      objectReference: {fileID: 0}
    - target: {fileID: 4696852914475124, guid: 69a699bfe67a74124b25abb930d7ced6, type: 3}
      propertyPath: m_LocalEulerAnglesHint.x
      value: 0
      objectReference: {fileID: 0}
    - target: {fileID: 4696852914475124, guid: 69a699bfe67a74124b25abb930d7ced6, type: 3}
      propertyPath: m_LocalEulerAnglesHint.y
      value: -90
      objectReference: {fileID: 0}
    - target: {fileID: 4696852914475124, guid: 69a699bfe67a74124b25abb930d7ced6, type: 3}
      propertyPath: m_LocalEulerAnglesHint.z
      value: 0
      objectReference: {fileID: 0}
    - target: {fileID: 4696852914475124, guid: 69a699bfe67a74124b25abb930d7ced6, type: 3}
      propertyPath: m_LocalScale.x
      value: 0.5125002
      objectReference: {fileID: 0}
    m_RemovedComponents: []
  m_SourcePrefab: {fileID: 100100000, guid: 69a699bfe67a74124b25abb930d7ced6, type: 3}
--- !u!4 &1128276158013260789 stripped
Transform:
  m_CorrespondingSourceObject: {fileID: 4696852914475124, guid: 69a699bfe67a74124b25abb930d7ced6,
    type: 3}
  m_PrefabInstance: {fileID: 1132900443143000961}
  m_PrefabAsset: {fileID: 0}
--- !u!1001 &1132900443151524385
PrefabInstance:
  m_ObjectHideFlags: 0
  serializedVersion: 2
  m_Modification:
    m_TransformParent: {fileID: 4711309252995572764}
    m_Modifications:
    - target: {fileID: 1575056824761088, guid: 69a699bfe67a74124b25abb930d7ced6, type: 3}
      propertyPath: m_Name
      value: victorian_wall_brick_1 (3)
      objectReference: {fileID: 0}
    - target: {fileID: 4696852914475124, guid: 69a699bfe67a74124b25abb930d7ced6, type: 3}
      propertyPath: m_LocalPosition.x
      value: 1.6939917
      objectReference: {fileID: 0}
    - target: {fileID: 4696852914475124, guid: 69a699bfe67a74124b25abb930d7ced6, type: 3}
      propertyPath: m_LocalPosition.y
      value: -2.7951295
      objectReference: {fileID: 0}
    - target: {fileID: 4696852914475124, guid: 69a699bfe67a74124b25abb930d7ced6, type: 3}
      propertyPath: m_LocalPosition.z
      value: 5.037448
      objectReference: {fileID: 0}
    - target: {fileID: 4696852914475124, guid: 69a699bfe67a74124b25abb930d7ced6, type: 3}
      propertyPath: m_LocalRotation.x
      value: -0
      objectReference: {fileID: 0}
    - target: {fileID: 4696852914475124, guid: 69a699bfe67a74124b25abb930d7ced6, type: 3}
      propertyPath: m_LocalRotation.y
      value: -0
      objectReference: {fileID: 0}
    - target: {fileID: 4696852914475124, guid: 69a699bfe67a74124b25abb930d7ced6, type: 3}
      propertyPath: m_LocalRotation.z
      value: -0
      objectReference: {fileID: 0}
    - target: {fileID: 4696852914475124, guid: 69a699bfe67a74124b25abb930d7ced6, type: 3}
      propertyPath: m_LocalRotation.w
      value: 1
      objectReference: {fileID: 0}
    - target: {fileID: 4696852914475124, guid: 69a699bfe67a74124b25abb930d7ced6, type: 3}
      propertyPath: m_RootOrder
      value: 4
      objectReference: {fileID: 0}
    - target: {fileID: 4696852914475124, guid: 69a699bfe67a74124b25abb930d7ced6, type: 3}
      propertyPath: m_LocalEulerAnglesHint.x
      value: 0
      objectReference: {fileID: 0}
    - target: {fileID: 4696852914475124, guid: 69a699bfe67a74124b25abb930d7ced6, type: 3}
      propertyPath: m_LocalEulerAnglesHint.y
      value: 0
      objectReference: {fileID: 0}
    - target: {fileID: 4696852914475124, guid: 69a699bfe67a74124b25abb930d7ced6, type: 3}
      propertyPath: m_LocalEulerAnglesHint.z
      value: 0
      objectReference: {fileID: 0}
    - target: {fileID: 4696852914475124, guid: 69a699bfe67a74124b25abb930d7ced6, type: 3}
      propertyPath: m_LocalScale.x
      value: 1
      objectReference: {fileID: 0}
    m_RemovedComponents: []
  m_SourcePrefab: {fileID: 100100000, guid: 69a699bfe67a74124b25abb930d7ced6, type: 3}
--- !u!4 &1128276158004752981 stripped
Transform:
  m_CorrespondingSourceObject: {fileID: 4696852914475124, guid: 69a699bfe67a74124b25abb930d7ced6,
    type: 3}
  m_PrefabInstance: {fileID: 1132900443151524385}
  m_PrefabAsset: {fileID: 0}
--- !u!1001 &1132900443169239758
PrefabInstance:
  m_ObjectHideFlags: 0
  serializedVersion: 2
  m_Modification:
    m_TransformParent: {fileID: 4711309252995572764}
    m_Modifications:
    - target: {fileID: 1575056824761088, guid: 69a699bfe67a74124b25abb930d7ced6, type: 3}
      propertyPath: m_Name
      value: victorian_wall_brick_1 (5)
      objectReference: {fileID: 0}
    - target: {fileID: 4696852914475124, guid: 69a699bfe67a74124b25abb930d7ced6, type: 3}
      propertyPath: m_LocalPosition.x
      value: -4.3060083
      objectReference: {fileID: 0}
    - target: {fileID: 4696852914475124, guid: 69a699bfe67a74124b25abb930d7ced6, type: 3}
      propertyPath: m_LocalPosition.y
      value: -2.7951295
      objectReference: {fileID: 0}
    - target: {fileID: 4696852914475124, guid: 69a699bfe67a74124b25abb930d7ced6, type: 3}
      propertyPath: m_LocalPosition.z
      value: 5.037448
      objectReference: {fileID: 0}
    - target: {fileID: 4696852914475124, guid: 69a699bfe67a74124b25abb930d7ced6, type: 3}
      propertyPath: m_LocalRotation.x
      value: -0
      objectReference: {fileID: 0}
    - target: {fileID: 4696852914475124, guid: 69a699bfe67a74124b25abb930d7ced6, type: 3}
      propertyPath: m_LocalRotation.y
      value: -0
      objectReference: {fileID: 0}
    - target: {fileID: 4696852914475124, guid: 69a699bfe67a74124b25abb930d7ced6, type: 3}
      propertyPath: m_LocalRotation.z
      value: -0
      objectReference: {fileID: 0}
    - target: {fileID: 4696852914475124, guid: 69a699bfe67a74124b25abb930d7ced6, type: 3}
      propertyPath: m_LocalRotation.w
      value: 1
      objectReference: {fileID: 0}
    - target: {fileID: 4696852914475124, guid: 69a699bfe67a74124b25abb930d7ced6, type: 3}
      propertyPath: m_RootOrder
      value: 6
      objectReference: {fileID: 0}
    - target: {fileID: 4696852914475124, guid: 69a699bfe67a74124b25abb930d7ced6, type: 3}
      propertyPath: m_LocalEulerAnglesHint.x
      value: 0
      objectReference: {fileID: 0}
    - target: {fileID: 4696852914475124, guid: 69a699bfe67a74124b25abb930d7ced6, type: 3}
      propertyPath: m_LocalEulerAnglesHint.y
      value: 0
      objectReference: {fileID: 0}
    - target: {fileID: 4696852914475124, guid: 69a699bfe67a74124b25abb930d7ced6, type: 3}
      propertyPath: m_LocalEulerAnglesHint.z
      value: 0
      objectReference: {fileID: 0}
    - target: {fileID: 4696852914475124, guid: 69a699bfe67a74124b25abb930d7ced6, type: 3}
      propertyPath: m_LocalScale.x
      value: 1
      objectReference: {fileID: 0}
    m_RemovedComponents: []
  m_SourcePrefab: {fileID: 100100000, guid: 69a699bfe67a74124b25abb930d7ced6, type: 3}
--- !u!4 &1128276158324646586 stripped
Transform:
  m_CorrespondingSourceObject: {fileID: 4696852914475124, guid: 69a699bfe67a74124b25abb930d7ced6,
    type: 3}
  m_PrefabInstance: {fileID: 1132900443169239758}
  m_PrefabAsset: {fileID: 0}
--- !u!1001 &1132900443182349100
PrefabInstance:
  m_ObjectHideFlags: 0
  serializedVersion: 2
  m_Modification:
    m_TransformParent: {fileID: 4711309252995572764}
    m_Modifications:
    - target: {fileID: 1056484336103022, guid: c9aeb4399ae4b452798789201fffc05d, type: 3}
      propertyPath: m_Name
      value: victorian_roof_1_side (1)
      objectReference: {fileID: 0}
    - target: {fileID: 4920919583008806, guid: c9aeb4399ae4b452798789201fffc05d, type: 3}
      propertyPath: m_LocalPosition.x
      value: 3.293992
      objectReference: {fileID: 0}
    - target: {fileID: 4920919583008806, guid: c9aeb4399ae4b452798789201fffc05d, type: 3}
      propertyPath: m_LocalPosition.y
      value: 0.20487046
      objectReference: {fileID: 0}
    - target: {fileID: 4920919583008806, guid: c9aeb4399ae4b452798789201fffc05d, type: 3}
      propertyPath: m_LocalPosition.z
      value: 3.9474483
      objectReference: {fileID: 0}
    - target: {fileID: 4920919583008806, guid: c9aeb4399ae4b452798789201fffc05d, type: 3}
      propertyPath: m_LocalRotation.x
      value: -0
      objectReference: {fileID: 0}
    - target: {fileID: 4920919583008806, guid: c9aeb4399ae4b452798789201fffc05d, type: 3}
      propertyPath: m_LocalRotation.y
      value: 1
      objectReference: {fileID: 0}
    - target: {fileID: 4920919583008806, guid: c9aeb4399ae4b452798789201fffc05d, type: 3}
      propertyPath: m_LocalRotation.z
      value: -0
      objectReference: {fileID: 0}
    - target: {fileID: 4920919583008806, guid: c9aeb4399ae4b452798789201fffc05d, type: 3}
      propertyPath: m_LocalRotation.w
      value: 0
      objectReference: {fileID: 0}
    - target: {fileID: 4920919583008806, guid: c9aeb4399ae4b452798789201fffc05d, type: 3}
      propertyPath: m_RootOrder
      value: 14
      objectReference: {fileID: 0}
    - target: {fileID: 4920919583008806, guid: c9aeb4399ae4b452798789201fffc05d, type: 3}
      propertyPath: m_LocalEulerAnglesHint.x
      value: 0
      objectReference: {fileID: 0}
    - target: {fileID: 4920919583008806, guid: c9aeb4399ae4b452798789201fffc05d, type: 3}
      propertyPath: m_LocalEulerAnglesHint.y
      value: 180
      objectReference: {fileID: 0}
    - target: {fileID: 4920919583008806, guid: c9aeb4399ae4b452798789201fffc05d, type: 3}
      propertyPath: m_LocalEulerAnglesHint.z
      value: 0
      objectReference: {fileID: 0}
    - target: {fileID: 4920919583008806, guid: c9aeb4399ae4b452798789201fffc05d, type: 3}
      propertyPath: m_LocalScale.x
      value: 1
      objectReference: {fileID: 0}
    m_RemovedComponents: []
  m_SourcePrefab: {fileID: 100100000, guid: c9aeb4399ae4b452798789201fffc05d, type: 3}
--- !u!4 &1128615149707629322 stripped
Transform:
  m_CorrespondingSourceObject: {fileID: 4920919583008806, guid: c9aeb4399ae4b452798789201fffc05d,
    type: 3}
  m_PrefabInstance: {fileID: 1132900443182349100}
  m_PrefabAsset: {fileID: 0}
--- !u!1001 &1132900443257971282
PrefabInstance:
  m_ObjectHideFlags: 0
  serializedVersion: 2
  m_Modification:
    m_TransformParent: {fileID: 4711309252995572764}
    m_Modifications:
    - target: {fileID: 1575056824761088, guid: 69a699bfe67a74124b25abb930d7ced6, type: 3}
      propertyPath: m_Name
      value: victorian_wall_brick_1 (1)
      objectReference: {fileID: 0}
    - target: {fileID: 4696852914475124, guid: 69a699bfe67a74124b25abb930d7ced6, type: 3}
      propertyPath: m_LocalPosition.x
      value: -4.3060083
      objectReference: {fileID: 0}
    - target: {fileID: 4696852914475124, guid: 69a699bfe67a74124b25abb930d7ced6, type: 3}
      propertyPath: m_LocalPosition.y
      value: -2.7951295
      objectReference: {fileID: 0}
    - target: {fileID: 4696852914475124, guid: 69a699bfe67a74124b25abb930d7ced6, type: 3}
      propertyPath: m_LocalPosition.z
      value: -0.96255183
      objectReference: {fileID: 0}
    - target: {fileID: 4696852914475124, guid: 69a699bfe67a74124b25abb930d7ced6, type: 3}
      propertyPath: m_LocalRotation.x
      value: -0
      objectReference: {fileID: 0}
    - target: {fileID: 4696852914475124, guid: 69a699bfe67a74124b25abb930d7ced6, type: 3}
      propertyPath: m_LocalRotation.y
      value: -0
      objectReference: {fileID: 0}
    - target: {fileID: 4696852914475124, guid: 69a699bfe67a74124b25abb930d7ced6, type: 3}
      propertyPath: m_LocalRotation.z
      value: -0
      objectReference: {fileID: 0}
    - target: {fileID: 4696852914475124, guid: 69a699bfe67a74124b25abb930d7ced6, type: 3}
      propertyPath: m_LocalRotation.w
      value: 1
      objectReference: {fileID: 0}
    - target: {fileID: 4696852914475124, guid: 69a699bfe67a74124b25abb930d7ced6, type: 3}
      propertyPath: m_RootOrder
      value: 2
      objectReference: {fileID: 0}
    - target: {fileID: 4696852914475124, guid: 69a699bfe67a74124b25abb930d7ced6, type: 3}
      propertyPath: m_LocalEulerAnglesHint.x
      value: 0
      objectReference: {fileID: 0}
    - target: {fileID: 4696852914475124, guid: 69a699bfe67a74124b25abb930d7ced6, type: 3}
      propertyPath: m_LocalEulerAnglesHint.y
      value: 0
      objectReference: {fileID: 0}
    - target: {fileID: 4696852914475124, guid: 69a699bfe67a74124b25abb930d7ced6, type: 3}
      propertyPath: m_LocalEulerAnglesHint.z
      value: 0
      objectReference: {fileID: 0}
    - target: {fileID: 4696852914475124, guid: 69a699bfe67a74124b25abb930d7ced6, type: 3}
      propertyPath: m_LocalScale.x
      value: 1
      objectReference: {fileID: 0}
    m_RemovedComponents: []
  m_SourcePrefab: {fileID: 100100000, guid: 69a699bfe67a74124b25abb930d7ced6, type: 3}
--- !u!4 &1128276158429901350 stripped
Transform:
  m_CorrespondingSourceObject: {fileID: 4696852914475124, guid: 69a699bfe67a74124b25abb930d7ced6,
    type: 3}
  m_PrefabInstance: {fileID: 1132900443257971282}
  m_PrefabAsset: {fileID: 0}
--- !u!1001 &1132900443299232369
PrefabInstance:
  m_ObjectHideFlags: 0
  serializedVersion: 2
  m_Modification:
    m_TransformParent: {fileID: 4711309252995572764}
    m_Modifications:
    - target: {fileID: 1575056824761088, guid: 69a699bfe67a74124b25abb930d7ced6, type: 3}
      propertyPath: m_Name
      value: victorian_wall_brick_1 (9)
      objectReference: {fileID: 0}
    - target: {fileID: 4696852914475124, guid: 69a699bfe67a74124b25abb930d7ced6, type: 3}
      propertyPath: m_LocalPosition.x
      value: -5.696008
      objectReference: {fileID: 0}
    - target: {fileID: 4696852914475124, guid: 69a699bfe67a74124b25abb930d7ced6, type: 3}
      propertyPath: m_LocalPosition.y
      value: -2.7951295
      objectReference: {fileID: 0}
    - target: {fileID: 4696852914475124, guid: 69a699bfe67a74124b25abb930d7ced6, type: 3}
      propertyPath: m_LocalPosition.z
      value: -0.20255184
      objectReference: {fileID: 0}
    - target: {fileID: 4696852914475124, guid: 69a699bfe67a74124b25abb930d7ced6, type: 3}
      propertyPath: m_LocalRotation.x
      value: -0
      objectReference: {fileID: 0}
    - target: {fileID: 4696852914475124, guid: 69a699bfe67a74124b25abb930d7ced6, type: 3}
      propertyPath: m_LocalRotation.y
      value: -0.7071068
      objectReference: {fileID: 0}
    - target: {fileID: 4696852914475124, guid: 69a699bfe67a74124b25abb930d7ced6, type: 3}
      propertyPath: m_LocalRotation.z
      value: -0
      objectReference: {fileID: 0}
    - target: {fileID: 4696852914475124, guid: 69a699bfe67a74124b25abb930d7ced6, type: 3}
      propertyPath: m_LocalRotation.w
      value: 0.7071068
      objectReference: {fileID: 0}
    - target: {fileID: 4696852914475124, guid: 69a699bfe67a74124b25abb930d7ced6, type: 3}
      propertyPath: m_RootOrder
      value: 11
      objectReference: {fileID: 0}
    - target: {fileID: 4696852914475124, guid: 69a699bfe67a74124b25abb930d7ced6, type: 3}
      propertyPath: m_LocalEulerAnglesHint.x
      value: 0
      objectReference: {fileID: 0}
    - target: {fileID: 4696852914475124, guid: 69a699bfe67a74124b25abb930d7ced6, type: 3}
      propertyPath: m_LocalEulerAnglesHint.y
      value: -90
      objectReference: {fileID: 0}
    - target: {fileID: 4696852914475124, guid: 69a699bfe67a74124b25abb930d7ced6, type: 3}
      propertyPath: m_LocalEulerAnglesHint.z
      value: 0
      objectReference: {fileID: 0}
    - target: {fileID: 4696852914475124, guid: 69a699bfe67a74124b25abb930d7ced6, type: 3}
      propertyPath: m_LocalScale.x
      value: 0.5125002
      objectReference: {fileID: 0}
    - target: {fileID: 4696852914475124, guid: 69a699bfe67a74124b25abb930d7ced6, type: 3}
      propertyPath: m_LocalScale.z
      value: 1
      objectReference: {fileID: 0}
    m_RemovedComponents: []
  m_SourcePrefab: {fileID: 100100000, guid: 69a699bfe67a74124b25abb930d7ced6, type: 3}
--- !u!4 &1128276158186269189 stripped
Transform:
  m_CorrespondingSourceObject: {fileID: 4696852914475124, guid: 69a699bfe67a74124b25abb930d7ced6,
    type: 3}
  m_PrefabInstance: {fileID: 1132900443299232369}
  m_PrefabAsset: {fileID: 0}
--- !u!1001 &1132900443341711917
PrefabInstance:
  m_ObjectHideFlags: 0
  serializedVersion: 2
  m_Modification:
    m_TransformParent: {fileID: 4711309252995572764}
    m_Modifications:
    - target: {fileID: 1575056824761088, guid: 69a699bfe67a74124b25abb930d7ced6, type: 3}
      propertyPath: m_Name
      value: victorian_wall_brick_1 (2)
      objectReference: {fileID: 0}
    - target: {fileID: 4696852914475124, guid: 69a699bfe67a74124b25abb930d7ced6, type: 3}
      propertyPath: m_LocalPosition.x
      value: 1.6939917
      objectReference: {fileID: 0}
    - target: {fileID: 4696852914475124, guid: 69a699bfe67a74124b25abb930d7ced6, type: 3}
      propertyPath: m_LocalPosition.y
      value: -2.7951295
      objectReference: {fileID: 0}
    - target: {fileID: 4696852914475124, guid: 69a699bfe67a74124b25abb930d7ced6, type: 3}
      propertyPath: m_LocalPosition.z
      value: -0.96255183
      objectReference: {fileID: 0}
    - target: {fileID: 4696852914475124, guid: 69a699bfe67a74124b25abb930d7ced6, type: 3}
      propertyPath: m_LocalRotation.x
      value: -0
      objectReference: {fileID: 0}
    - target: {fileID: 4696852914475124, guid: 69a699bfe67a74124b25abb930d7ced6, type: 3}
      propertyPath: m_LocalRotation.y
      value: -0
      objectReference: {fileID: 0}
    - target: {fileID: 4696852914475124, guid: 69a699bfe67a74124b25abb930d7ced6, type: 3}
      propertyPath: m_LocalRotation.z
      value: -0
      objectReference: {fileID: 0}
    - target: {fileID: 4696852914475124, guid: 69a699bfe67a74124b25abb930d7ced6, type: 3}
      propertyPath: m_LocalRotation.w
      value: 1
      objectReference: {fileID: 0}
    - target: {fileID: 4696852914475124, guid: 69a699bfe67a74124b25abb930d7ced6, type: 3}
      propertyPath: m_RootOrder
      value: 3
      objectReference: {fileID: 0}
    - target: {fileID: 4696852914475124, guid: 69a699bfe67a74124b25abb930d7ced6, type: 3}
      propertyPath: m_LocalEulerAnglesHint.x
      value: 0
      objectReference: {fileID: 0}
    - target: {fileID: 4696852914475124, guid: 69a699bfe67a74124b25abb930d7ced6, type: 3}
      propertyPath: m_LocalEulerAnglesHint.y
      value: 0
      objectReference: {fileID: 0}
    - target: {fileID: 4696852914475124, guid: 69a699bfe67a74124b25abb930d7ced6, type: 3}
      propertyPath: m_LocalEulerAnglesHint.z
      value: 0
      objectReference: {fileID: 0}
    - target: {fileID: 4696852914475124, guid: 69a699bfe67a74124b25abb930d7ced6, type: 3}
      propertyPath: m_LocalScale.x
      value: 1
      objectReference: {fileID: 0}
    m_RemovedComponents: []
  m_SourcePrefab: {fileID: 100100000, guid: 69a699bfe67a74124b25abb930d7ced6, type: 3}
--- !u!4 &1128276158211979865 stripped
Transform:
  m_CorrespondingSourceObject: {fileID: 4696852914475124, guid: 69a699bfe67a74124b25abb930d7ced6,
    type: 3}
  m_PrefabInstance: {fileID: 1132900443341711917}
  m_PrefabAsset: {fileID: 0}
