%YAML 1.1
%TAG !u! tag:unity3d.com,2011:
--- !u!243 &-6095601863753523001
AudioMixerGroupController:
  m_ObjectHideFlags: 0
  m_CorrespondingSourceObject: {fileID: 0}
  m_PrefabInstance: {fileID: 0}
  m_PrefabAsset: {fileID: 0}
  m_Name: Game
  m_AudioMixer: {fileID: 24100000}
  m_GroupID: 91685ae8c45358249a5bf4ad7508f0b0
  m_Children: []
  m_Volume: 7dec58c9d85cf354b87c251a3b757383
  m_Pitch: 3ed4eb88c0335b14e863ee9ce3c4c741
  m_Send: 00000000000000000000000000000000
  m_Effects:
  - {fileID: 1088491860961203225}
  m_UserColorIndex: 5
  m_Mute: 0
  m_Solo: 0
  m_BypassEffects: 0
--- !u!241 &24100000
AudioMixerController:
  m_ObjectHideFlags: 0
  m_CorrespondingSourceObject: {fileID: 0}
  m_PrefabInstance: {fileID: 0}
  m_PrefabAsset: {fileID: 0}
  m_Name: MainMixer
  m_OutputGroup: {fileID: 0}
  m_MasterGroup: {fileID: 24300002}
  m_Snapshots:
  - {fileID: 24500006}
  m_StartSnapshot: {fileID: 24500006}
  m_SuspendThreshold: -80
  m_EnableSuspend: 1
  m_UpdateMode: 0
  m_ExposedParameters:
  - guid: 7dec58c9d85cf354b87c251a3b757383
    name: GameVolume
  - guid: aa2652cbf981f104e9f706bd1228f400
    name: MasterVolume
  - guid: 81b3367efcf007348a4d9d05241ba2b2
    name: MusicVolume
  m_AudioMixerGroupViews:
  - guids:
    - 142bdb5f1451fda4aa38cff9e58cd4f3
    - 2ac7d63e7ece3874f9fb1fdfcc9012be
    name: Everything
  - guids:
    - 142bdb5f1451fda4aa38cff9e58cd4f3
    - 2ac7d63e7ece3874f9fb1fdfcc9012be
    - 91685ae8c45358249a5bf4ad7508f0b0
    name: Music
  m_CurrentViewIndex: 1
  m_TargetSnapshot: {fileID: 24500006}
--- !u!243 &24300002
AudioMixerGroupController:
  m_ObjectHideFlags: 0
  m_CorrespondingSourceObject: {fileID: 0}
  m_PrefabInstance: {fileID: 0}
  m_PrefabAsset: {fileID: 0}
  m_Name: Master
  m_AudioMixer: {fileID: 24100000}
  m_GroupID: 142bdb5f1451fda4aa38cff9e58cd4f3
  m_Children:
  - {fileID: 6046830136949335529}
  - {fileID: -6095601863753523001}
  m_Volume: aa2652cbf981f104e9f706bd1228f400
  m_Pitch: 505c93c857544b44cba2dc9b08d9f4b0
  m_Send: 00000000000000000000000000000000
  m_Effects:
  - {fileID: 24400004}
  m_UserColorIndex: 3
  m_Mute: 0
  m_Solo: 0
  m_BypassEffects: 0
--- !u!244 &24400004
AudioMixerEffectController:
  m_ObjectHideFlags: 3
  m_CorrespondingSourceObject: {fileID: 0}
  m_PrefabInstance: {fileID: 0}
  m_PrefabAsset: {fileID: 0}
  m_Name: 
  m_EffectID: 87e231ed34c5fba479aa8a6ca1a42b34
  m_EffectName: Attenuation
  m_MixLevel: cbd7716bb0bdc9b408b3dfbad6c44693
  m_Parameters: []
  m_SendTarget: {fileID: 0}
  m_EnableWetMix: 0
  m_Bypass: 0
--- !u!245 &24500006
AudioMixerSnapshotController:
  m_ObjectHideFlags: 0
  m_CorrespondingSourceObject: {fileID: 0}
  m_PrefabInstance: {fileID: 0}
  m_PrefabAsset: {fileID: 0}
  m_Name: Snapshot
  m_AudioMixer: {fileID: 24100000}
  m_SnapshotID: b149138a877474c44bae5e6b1f2f144f
  m_FloatValues: {}
  m_TransitionOverrides: {}
--- !u!244 &1088491860961203225
AudioMixerEffectController:
  m_ObjectHideFlags: 3
  m_CorrespondingSourceObject: {fileID: 0}
  m_PrefabInstance: {fileID: 0}
  m_PrefabAsset: {fileID: 0}
  m_Name: 
  m_EffectID: f2f5496391fd24645861c3910822ef75
  m_EffectName: Attenuation
  m_MixLevel: 635c2e08e720fe0419d2991c75e98490
  m_Parameters: []
  m_SendTarget: {fileID: 0}
  m_EnableWetMix: 0
  m_Bypass: 0
--- !u!244 &1844736569723547398
AudioMixerEffectController:
  m_ObjectHideFlags: 3
  m_CorrespondingSourceObject: {fileID: 0}
  m_PrefabInstance: {fileID: 0}
  m_PrefabAsset: {fileID: 0}
  m_Name: 
  m_EffectID: 2a8448abb65d4774689bda09079dfb6b
  m_EffectName: Attenuation
  m_MixLevel: 4dc0252b4df2a524db64e3fc190f33a1
  m_Parameters: []
  m_SendTarget: {fileID: 0}
  m_EnableWetMix: 0
  m_Bypass: 0
--- !u!243 &6046830136949335529
AudioMixerGroupController:
  m_ObjectHideFlags: 0
  m_CorrespondingSourceObject: {fileID: 0}
  m_PrefabInstance: {fileID: 0}
  m_PrefabAsset: {fileID: 0}
  m_Name: Music
  m_AudioMixer: {fileID: 24100000}
  m_GroupID: 2ac7d63e7ece3874f9fb1fdfcc9012be
  m_Children: []
  m_Volume: 81b3367efcf007348a4d9d05241ba2b2
  m_Pitch: fdf9fff4b863428459e27b42abff4022
  m_Send: 00000000000000000000000000000000
  m_Effects:
  - {fileID: 1844736569723547398}
  m_UserColorIndex: 1
  m_Mute: 0
  m_Solo: 0
  m_BypassEffects: 0
