%YAML 1.1
%TAG !u! tag:unity3d.com,2011:
--- !u!1 &5924006255889485542
GameObject:
  m_ObjectHideFlags: 0
  m_CorrespondingSourceObject: {fileID: 0}
  m_PrefabInstance: {fileID: 0}
  m_PrefabAsset: {fileID: 0}
  serializedVersion: 6
  m_Component:
  - component: {fileID: 5924006255889485546}
  - component: {fileID: 5924006255889485547}
  - component: {fileID: 5924006255889485544}
  - component: {fileID: 5924006255889485545}
  - component: {fileID: 456276830634945529}
  - component: {fileID: -4716141586821252830}
  m_Layer: 10
  m_Name: Castle
  m_TagString: SignificantObj
  m_Icon: {fileID: 0}
  m_NavMeshLayer: 0
  m_StaticEditorFlags: 0
  m_IsActive: 1
--- !u!4 &5924006255889485546
Transform:
  m_ObjectHideFlags: 0
  m_CorrespondingSourceObject: {fileID: 0}
  m_PrefabInstance: {fileID: 0}
  m_PrefabAsset: {fileID: 0}
  m_GameObject: {fileID: 5924006255889485542}
  m_LocalRotation: {x: 0, y: 1, z: 0, w: 0}
  m_LocalPosition: {x: 14.74, y: -1.81, z: 11.43}
  m_LocalScale: {x: 4.3609405, y: 4.3609405, z: 4.3609405}
  m_Children:
  - {fileID: 994010418}
  m_Father: {fileID: 0}
  m_RootOrder: 0
  m_LocalEulerAnglesHint: {x: 0, y: 180, z: 0}
--- !u!33 &5924006255889485547
MeshFilter:
  m_ObjectHideFlags: 0
  m_CorrespondingSourceObject: {fileID: 0}
  m_PrefabInstance: {fileID: 0}
  m_PrefabAsset: {fileID: 0}
  m_GameObject: {fileID: 5924006255889485542}
  m_Mesh: {fileID: 4300002, guid: 60d00613262778e46b8837d66fd34d59, type: 3}
--- !u!23 &5924006255889485544
MeshRenderer:
  m_ObjectHideFlags: 0
  m_CorrespondingSourceObject: {fileID: 0}
  m_PrefabInstance: {fileID: 0}
  m_PrefabAsset: {fileID: 0}
  m_GameObject: {fileID: 5924006255889485542}
  m_Enabled: 1
  m_CastShadows: 1
  m_ReceiveShadows: 1
  m_DynamicOccludee: 1
  m_MotionVectors: 1
  m_LightProbeUsage: 1
  m_ReflectionProbeUsage: 1
  m_RenderingLayerMask: 4294967295
  m_RendererPriority: 0
  m_Materials:
  - {fileID: 2100000, guid: cf051fba995609b459f0eb4baf4bb478, type: 2}
  m_StaticBatchInfo:
    firstSubMesh: 0
    subMeshCount: 0
  m_StaticBatchRoot: {fileID: 0}
  m_ProbeAnchor: {fileID: 0}
  m_LightProbeVolumeOverride: {fileID: 0}
  m_ScaleInLightmap: 1
  m_ReceiveGI: 1
  m_PreserveUVs: 0
  m_IgnoreNormalsForChartDetection: 0
  m_ImportantGI: 0
  m_StitchLightmapSeams: 0
  m_SelectedEditorRenderState: 3
  m_MinimumChartSize: 4
  m_AutoUVMaxDistance: 0.5
  m_AutoUVMaxAngle: 89
  m_LightmapParameters: {fileID: 0}
  m_SortingLayerID: 0
  m_SortingLayer: 0
  m_SortingOrder: 0
--- !u!65 &5924006255889485545
BoxCollider:
  m_ObjectHideFlags: 0
  m_CorrespondingSourceObject: {fileID: 0}
  m_PrefabInstance: {fileID: 0}
  m_PrefabAsset: {fileID: 0}
  m_GameObject: {fileID: 5924006255889485542}
  m_Material: {fileID: 0}
  m_IsTrigger: 0
  m_Enabled: 1
  serializedVersion: 2
  m_Size: {x: 0.96918535, y: 0.8286194, z: 1.1191187}
  m_Center: {x: 0.0000002682209, y: 0.61464703, z: -0.00000044703484}
--- !u!135 &456276830634945529
SphereCollider:
  m_ObjectHideFlags: 0
  m_CorrespondingSourceObject: {fileID: 0}
  m_PrefabInstance: {fileID: 0}
  m_PrefabAsset: {fileID: 0}
  m_GameObject: {fileID: 5924006255889485542}
  m_Material: {fileID: 0}
  m_IsTrigger: 1
  m_Enabled: 1
  serializedVersion: 2
  m_Radius: 0.55955935
  m_Center: {x: 0.0000002682209, y: 0.61464703, z: -0.00000044703484}
--- !u!114 &-4716141586821252830
MonoBehaviour:
  m_ObjectHideFlags: 0
  m_CorrespondingSourceObject: {fileID: 0}
  m_PrefabInstance: {fileID: 0}
  m_PrefabAsset: {fileID: 0}
  m_GameObject: {fileID: 5924006255889485542}
  m_Enabled: 1
  m_EditorHideFlags: 0
  m_Script: {fileID: 11500000, guid: 06d878a768ca74fd09d445175eb59620, type: 3}
  m_Name: 
  m_EditorClassIdentifier: 
  dragging: 0
--- !u!1001 &993555930
PrefabInstance:
  m_ObjectHideFlags: 0
  serializedVersion: 2
  m_Modification:
    m_TransformParent: {fileID: 5924006255889485546}
    m_Modifications:
    - target: {fileID: 193126, guid: 7e74e3495c43a454dacecbdb3f914ffc, type: 3}
      propertyPath: m_Name
      value: Flame Particles
      objectReference: {fileID: 0}
    - target: {fileID: 463080, guid: 7e74e3495c43a454dacecbdb3f914ffc, type: 3}
      propertyPath: m_LocalPosition.x
      value: 0
      objectReference: {fileID: 0}
    - target: {fileID: 463080, guid: 7e74e3495c43a454dacecbdb3f914ffc, type: 3}
      propertyPath: m_LocalPosition.y
      value: 0.763
      objectReference: {fileID: 0}
    - target: {fileID: 463080, guid: 7e74e3495c43a454dacecbdb3f914ffc, type: 3}
      propertyPath: m_LocalPosition.z
      value: -0.336
      objectReference: {fileID: 0}
    - target: {fileID: 463080, guid: 7e74e3495c43a454dacecbdb3f914ffc, type: 3}
      propertyPath: m_LocalRotation.x
      value: -0.7071068
      objectReference: {fileID: 0}
    - target: {fileID: 463080, guid: 7e74e3495c43a454dacecbdb3f914ffc, type: 3}
      propertyPath: m_LocalRotation.y
      value: 0
      objectReference: {fileID: 0}
    - target: {fileID: 463080, guid: 7e74e3495c43a454dacecbdb3f914ffc, type: 3}
      propertyPath: m_LocalRotation.z
      value: 0
      objectReference: {fileID: 0}
    - target: {fileID: 463080, guid: 7e74e3495c43a454dacecbdb3f914ffc, type: 3}
      propertyPath: m_LocalRotation.w
      value: 0.7071068
      objectReference: {fileID: 0}
    - target: {fileID: 463080, guid: 7e74e3495c43a454dacecbdb3f914ffc, type: 3}
      propertyPath: m_RootOrder
      value: 0
      objectReference: {fileID: 0}
    - target: {fileID: 463080, guid: 7e74e3495c43a454dacecbdb3f914ffc, type: 3}
      propertyPath: m_LocalEulerAnglesHint.x
      value: 0
      objectReference: {fileID: 0}
    - target: {fileID: 463080, guid: 7e74e3495c43a454dacecbdb3f914ffc, type: 3}
      propertyPath: m_LocalEulerAnglesHint.y
      value: 0
      objectReference: {fileID: 0}
    - target: {fileID: 463080, guid: 7e74e3495c43a454dacecbdb3f914ffc, type: 3}
      propertyPath: m_LocalEulerAnglesHint.z
      value: 0
      objectReference: {fileID: 0}
    - target: {fileID: 19844442, guid: 7e74e3495c43a454dacecbdb3f914ffc, type: 3}
      propertyPath: InitialModule.startSizeY.minMaxState
      value: 3
      objectReference: {fileID: 0}
    - target: {fileID: 19844442, guid: 7e74e3495c43a454dacecbdb3f914ffc, type: 3}
      propertyPath: InitialModule.startSizeZ.minMaxState
      value: 3
      objectReference: {fileID: 0}
    m_RemovedComponents: []
  m_SourcePrefab: {fileID: 100100000, guid: 7e74e3495c43a454dacecbdb3f914ffc, type: 3}
--- !u!4 &994010418 stripped
Transform:
  m_CorrespondingSourceObject: {fileID: 463080, guid: 7e74e3495c43a454dacecbdb3f914ffc,
    type: 3}
  m_PrefabInstance: {fileID: 993555930}
  m_PrefabAsset: {fileID: 0}
