%YAML 1.1
%TAG !u! tag:unity3d.com,2011:
--- !u!1 &7432622557476056704
GameObject:
  m_ObjectHideFlags: 0
  m_CorrespondingSourceObject: {fileID: 0}
  m_PrefabInstance: {fileID: 0}
  m_PrefabAsset: {fileID: 0}
  serializedVersion: 6
  m_Component:
  - component: {fileID: 7432622557476287136}
  - component: {fileID: 7432622557474960000}
  - component: {fileID: 7432622557473861696}
  - component: {fileID: 7432622557476056707}
  - component: {fileID: 1382637970580125303}
  - component: {fileID: 7578840275931005238}
  - component: {fileID: 4905810340629222931}
  m_Layer: 10
  m_Name: Shelf_books
  m_TagString: SignificantObj
  m_Icon: {fileID: 0}
  m_NavMeshLayer: 0
  m_StaticEditorFlags: 0
  m_IsActive: 1
--- !u!4 &7432622557476287136
Transform:
  m_ObjectHideFlags: 0
  m_CorrespondingSourceObject: {fileID: 0}
  m_PrefabInstance: {fileID: 0}
  m_PrefabAsset: {fileID: 0}
  m_GameObject: {fileID: 7432622557476056704}
  m_LocalRotation: {x: -0.7071068, y: 0, z: 0, w: 0.7071068}
  m_LocalPosition: {x: 13, y: 0, z: 8}
  m_LocalScale: {x: 100, y: 100, z: 100}
  m_Children:
  - {fileID: 7488511640693881240}
  - {fileID: 7222770086992681048}
  - {fileID: 1696073613866558069}
  - {fileID: 8263963919840872082}
  - {fileID: 100376556185971003}
  m_Father: {fileID: 0}
  m_RootOrder: 0
  m_LocalEulerAnglesHint: {x: -90, y: 0, z: 0}
--- !u!33 &7432622557474960000
MeshFilter:
  m_ObjectHideFlags: 0
  m_CorrespondingSourceObject: {fileID: 0}
  m_PrefabInstance: {fileID: 0}
  m_PrefabAsset: {fileID: 0}
  m_GameObject: {fileID: 7432622557476056704}
  m_Mesh: {fileID: 4300000, guid: 36e948af173868141a822ed806b581c0, type: 3}
--- !u!23 &7432622557473861696
MeshRenderer:
  m_ObjectHideFlags: 0
  m_CorrespondingSourceObject: {fileID: 0}
  m_PrefabInstance: {fileID: 0}
  m_PrefabAsset: {fileID: 0}
  m_GameObject: {fileID: 7432622557476056704}
  m_Enabled: 1
  m_CastShadows: 1
  m_ReceiveShadows: 1
  m_DynamicOccludee: 1
  m_MotionVectors: 1
  m_LightProbeUsage: 0
  m_ReflectionProbeUsage: 1
  m_RenderingLayerMask: 1
  m_RendererPriority: 0
  m_Materials:
  - {fileID: 2100000, guid: 2cb987137b739894682ccea9106cd69b, type: 2}
  m_StaticBatchInfo:
    firstSubMesh: 0
    subMeshCount: 0
  m_StaticBatchRoot: {fileID: 0}
  m_ProbeAnchor: {fileID: 0}
  m_LightProbeVolumeOverride: {fileID: 0}
  m_ScaleInLightmap: 1
  m_ReceiveGI: 1
  m_PreserveUVs: 0
  m_IgnoreNormalsForChartDetection: 0
  m_ImportantGI: 0
  m_StitchLightmapSeams: 0
  m_SelectedEditorRenderState: 3
  m_MinimumChartSize: 4
  m_AutoUVMaxDistance: 0.5
  m_AutoUVMaxAngle: 89
  m_LightmapParameters: {fileID: 0}
  m_SortingLayerID: 0
  m_SortingLayer: 0
  m_SortingOrder: 0
--- !u!64 &7432622557476056707
MeshCollider:
  m_ObjectHideFlags: 0
  m_CorrespondingSourceObject: {fileID: 0}
  m_PrefabInstance: {fileID: 0}
  m_PrefabAsset: {fileID: 0}
  m_GameObject: {fileID: 7432622557476056704}
  m_Material: {fileID: 0}
  m_IsTrigger: 0
  m_Enabled: 1
  serializedVersion: 3
  m_Convex: 0
  m_CookingOptions: 14
  m_Mesh: {fileID: 4300000, guid: 36e948af173868141a822ed806b581c0, type: 3}
--- !u!65 &1382637970580125303
BoxCollider:
  m_ObjectHideFlags: 0
  m_CorrespondingSourceObject: {fileID: 0}
  m_PrefabInstance: {fileID: 0}
  m_PrefabAsset: {fileID: 0}
  m_GameObject: {fileID: 7432622557476056704}
  m_Material: {fileID: 0}
  m_IsTrigger: 0
  m_Enabled: 1
  serializedVersion: 2
  m_Size: {x: 0.0056857523, y: 0.019944, z: 0.023288483}
  m_Center: {x: 0.0000036322745, y: 0, z: 0.011525}
--- !u!135 &7578840275931005238
SphereCollider:
  m_ObjectHideFlags: 0
  m_CorrespondingSourceObject: {fileID: 0}
  m_PrefabInstance: {fileID: 0}
  m_PrefabAsset: {fileID: 0}
  m_GameObject: {fileID: 7432622557476056704}
  m_Material: {fileID: 0}
  m_IsTrigger: 1
  m_Enabled: 1
  serializedVersion: 2
  m_Radius: 0.011644241
  m_Center: {x: 0.0000036322745, y: 0, z: 0.011525}
--- !u!114 &4905810340629222931
MonoBehaviour:
  m_ObjectHideFlags: 0
  m_CorrespondingSourceObject: {fileID: 0}
  m_PrefabInstance: {fileID: 0}
  m_PrefabAsset: {fileID: 0}
  m_GameObject: {fileID: 7432622557476056704}
  m_Enabled: 1
  m_EditorHideFlags: 0
  m_Script: {fileID: 11500000, guid: 06d878a768ca74fd09d445175eb59620, type: 3}
  m_Name: 
  m_EditorClassIdentifier: 
  dragging: 0
--- !u!1001 &4385212517114622704
PrefabInstance:
  m_ObjectHideFlags: 0
  serializedVersion: 2
  m_Modification:
    m_TransformParent: {fileID: 7432622557476287136}
    m_Modifications:
    - target: {fileID: 3121784523027434661, guid: 20dc69066f16acc48b952aed5b788376,
        type: 3}
      propertyPath: m_Name
      value: Book_Brown
      objectReference: {fileID: 0}
    - target: {fileID: 3121784523027434661, guid: 20dc69066f16acc48b952aed5b788376,
        type: 3}
      propertyPath: m_TagString
      value: Untagged
      objectReference: {fileID: 0}
    - target: {fileID: 3121784523027434661, guid: 20dc69066f16acc48b952aed5b788376,
        type: 3}
      propertyPath: m_Layer
      value: 0
      objectReference: {fileID: 0}
    - target: {fileID: 3121784523027434661, guid: 20dc69066f16acc48b952aed5b788376,
        type: 3}
      propertyPath: m_StaticEditorFlags
      value: 0
      objectReference: {fileID: 0}
    - target: {fileID: 3121784523027337349, guid: 20dc69066f16acc48b952aed5b788376,
        type: 3}
      propertyPath: m_LocalPosition.x
      value: -0.00024233818
      objectReference: {fileID: 0}
    - target: {fileID: 3121784523027337349, guid: 20dc69066f16acc48b952aed5b788376,
        type: 3}
      propertyPath: m_LocalPosition.y
      value: 0.003387064
      objectReference: {fileID: 0}
    - target: {fileID: 3121784523027337349, guid: 20dc69066f16acc48b952aed5b788376,
        type: 3}
      propertyPath: m_LocalPosition.z
      value: 0.008116986
      objectReference: {fileID: 0}
    - target: {fileID: 3121784523027337349, guid: 20dc69066f16acc48b952aed5b788376,
        type: 3}
      propertyPath: m_LocalRotation.x
      value: -0
      objectReference: {fileID: 0}
    - target: {fileID: 3121784523027337349, guid: 20dc69066f16acc48b952aed5b788376,
        type: 3}
      propertyPath: m_LocalRotation.y
      value: -0
      objectReference: {fileID: 0}
    - target: {fileID: 3121784523027337349, guid: 20dc69066f16acc48b952aed5b788376,
        type: 3}
      propertyPath: m_LocalRotation.z
      value: -0
      objectReference: {fileID: 0}
    - target: {fileID: 3121784523027337349, guid: 20dc69066f16acc48b952aed5b788376,
        type: 3}
      propertyPath: m_LocalRotation.w
      value: 1
      objectReference: {fileID: 0}
    - target: {fileID: 3121784523027337349, guid: 20dc69066f16acc48b952aed5b788376,
        type: 3}
      propertyPath: m_RootOrder
      value: 2
      objectReference: {fileID: 0}
    - target: {fileID: 3121784523027337349, guid: 20dc69066f16acc48b952aed5b788376,
        type: 3}
      propertyPath: m_LocalEulerAnglesHint.x
      value: -90
      objectReference: {fileID: 0}
    - target: {fileID: 3121784523027337349, guid: 20dc69066f16acc48b952aed5b788376,
        type: 3}
      propertyPath: m_LocalEulerAnglesHint.y
      value: 0
      objectReference: {fileID: 0}
    - target: {fileID: 3121784523027337349, guid: 20dc69066f16acc48b952aed5b788376,
        type: 3}
      propertyPath: m_LocalEulerAnglesHint.z
      value: 0
      objectReference: {fileID: 0}
    - target: {fileID: 3121784523027337349, guid: 20dc69066f16acc48b952aed5b788376,
        type: 3}
      propertyPath: m_LocalScale.x
      value: 1
      objectReference: {fileID: 0}
    - target: {fileID: 3121784523027337349, guid: 20dc69066f16acc48b952aed5b788376,
        type: 3}
      propertyPath: m_LocalScale.y
      value: 1
      objectReference: {fileID: 0}
    - target: {fileID: 3121784523027337349, guid: 20dc69066f16acc48b952aed5b788376,
        type: 3}
      propertyPath: m_LocalScale.z
      value: 1
      objectReference: {fileID: 0}
    m_RemovedComponents:
    - {fileID: 3121784523027434666, guid: 20dc69066f16acc48b952aed5b788376, type: 3}
  m_SourcePrefab: {fileID: 100100000, guid: 20dc69066f16acc48b952aed5b788376, type: 3}
--- !u!4 &1696073613866558069 stripped
Transform:
  m_CorrespondingSourceObject: {fileID: 3121784523027337349, guid: 20dc69066f16acc48b952aed5b788376,
    type: 3}
  m_PrefabInstance: {fileID: 4385212517114622704}
  m_PrefabAsset: {fileID: 0}
--- !u!1001 &4438109263334260908
PrefabInstance:
  m_ObjectHideFlags: 0
  serializedVersion: 2
  m_Modification:
    m_TransformParent: {fileID: 7432622557476287136}
    m_Modifications:
    - target: {fileID: 4392081859372299703, guid: 049d090c06dfbaf45959b2022ee91789,
        type: 3}
      propertyPath: m_Name
      value: Book_Red (3)
      objectReference: {fileID: 0}
    - target: {fileID: 4392081859372299703, guid: 049d090c06dfbaf45959b2022ee91789,
        type: 3}
      propertyPath: m_TagString
      value: Untagged
      objectReference: {fileID: 0}
    - target: {fileID: 4392081859372299703, guid: 049d090c06dfbaf45959b2022ee91789,
        type: 3}
      propertyPath: m_Layer
      value: 0
      objectReference: {fileID: 0}
    - target: {fileID: 4392081859372299703, guid: 049d090c06dfbaf45959b2022ee91789,
        type: 3}
      propertyPath: m_StaticEditorFlags
      value: 0
      objectReference: {fileID: 0}
    - target: {fileID: 4392081859372460439, guid: 049d090c06dfbaf45959b2022ee91789,
        type: 3}
      propertyPath: m_LocalPosition.x
      value: 0
      objectReference: {fileID: 0}
    - target: {fileID: 4392081859372460439, guid: 049d090c06dfbaf45959b2022ee91789,
        type: 3}
      propertyPath: m_LocalPosition.y
      value: -0.0038000022
      objectReference: {fileID: 0}
    - target: {fileID: 4392081859372460439, guid: 049d090c06dfbaf45959b2022ee91789,
        type: 3}
      propertyPath: m_LocalPosition.z
      value: 0.008800003
      objectReference: {fileID: 0}
    - target: {fileID: 4392081859372460439, guid: 049d090c06dfbaf45959b2022ee91789,
        type: 3}
      propertyPath: m_LocalRotation.x
      value: -0
      objectReference: {fileID: 0}
    - target: {fileID: 4392081859372460439, guid: 049d090c06dfbaf45959b2022ee91789,
        type: 3}
      propertyPath: m_LocalRotation.y
      value: -0
      objectReference: {fileID: 0}
    - target: {fileID: 4392081859372460439, guid: 049d090c06dfbaf45959b2022ee91789,
        type: 3}
      propertyPath: m_LocalRotation.z
      value: -0
      objectReference: {fileID: 0}
    - target: {fileID: 4392081859372460439, guid: 049d090c06dfbaf45959b2022ee91789,
        type: 3}
      propertyPath: m_LocalRotation.w
      value: 1
      objectReference: {fileID: 0}
    - target: {fileID: 4392081859372460439, guid: 049d090c06dfbaf45959b2022ee91789,
        type: 3}
      propertyPath: m_RootOrder
      value: 4
      objectReference: {fileID: 0}
    - target: {fileID: 4392081859372460439, guid: 049d090c06dfbaf45959b2022ee91789,
        type: 3}
      propertyPath: m_LocalEulerAnglesHint.x
      value: -90
      objectReference: {fileID: 0}
    - target: {fileID: 4392081859372460439, guid: 049d090c06dfbaf45959b2022ee91789,
        type: 3}
      propertyPath: m_LocalEulerAnglesHint.y
      value: 0
      objectReference: {fileID: 0}
    - target: {fileID: 4392081859372460439, guid: 049d090c06dfbaf45959b2022ee91789,
        type: 3}
      propertyPath: m_LocalEulerAnglesHint.z
      value: 0
      objectReference: {fileID: 0}
    - target: {fileID: 4392081859372460439, guid: 049d090c06dfbaf45959b2022ee91789,
        type: 3}
      propertyPath: m_LocalScale.x
      value: 1
      objectReference: {fileID: 0}
    - target: {fileID: 4392081859372460439, guid: 049d090c06dfbaf45959b2022ee91789,
        type: 3}
      propertyPath: m_LocalScale.y
      value: 1
      objectReference: {fileID: 0}
    - target: {fileID: 4392081859372460439, guid: 049d090c06dfbaf45959b2022ee91789,
        type: 3}
      propertyPath: m_LocalScale.z
      value: 1
      objectReference: {fileID: 0}
    m_RemovedComponents:
    - {fileID: 4392081859372299700, guid: 049d090c06dfbaf45959b2022ee91789, type: 3}
  m_SourcePrefab: {fileID: 100100000, guid: 049d090c06dfbaf45959b2022ee91789, type: 3}
--- !u!4 &100376556185971003 stripped
Transform:
  m_CorrespondingSourceObject: {fileID: 4392081859372460439, guid: 049d090c06dfbaf45959b2022ee91789,
    type: 3}
  m_PrefabInstance: {fileID: 4438109263334260908}
  m_PrefabAsset: {fileID: 0}
--- !u!1001 &5646581859767267077
PrefabInstance:
  m_ObjectHideFlags: 0
  serializedVersion: 2
  m_Modification:
    m_TransformParent: {fileID: 7432622557476287136}
    m_Modifications:
    - target: {fileID: 4392081859372299703, guid: 049d090c06dfbaf45959b2022ee91789,
        type: 3}
      propertyPath: m_Name
      value: Book_Red (2)
      objectReference: {fileID: 0}
    - target: {fileID: 4392081859372299703, guid: 049d090c06dfbaf45959b2022ee91789,
        type: 3}
      propertyPath: m_TagString
      value: Untagged
      objectReference: {fileID: 0}
    - target: {fileID: 4392081859372299703, guid: 049d090c06dfbaf45959b2022ee91789,
        type: 3}
      propertyPath: m_Layer
      value: 0
      objectReference: {fileID: 0}
    - target: {fileID: 4392081859372299703, guid: 049d090c06dfbaf45959b2022ee91789,
        type: 3}
      propertyPath: m_StaticEditorFlags
      value: 0
      objectReference: {fileID: 0}
    - target: {fileID: 4392081859372460439, guid: 049d090c06dfbaf45959b2022ee91789,
        type: 3}
      propertyPath: m_LocalPosition.x
      value: 0
      objectReference: {fileID: 0}
    - target: {fileID: 4392081859372460439, guid: 049d090c06dfbaf45959b2022ee91789,
        type: 3}
      propertyPath: m_LocalPosition.y
      value: -0.0018999976
      objectReference: {fileID: 0}
    - target: {fileID: 4392081859372460439, guid: 049d090c06dfbaf45959b2022ee91789,
        type: 3}
      propertyPath: m_LocalPosition.z
      value: 0.008600002
      objectReference: {fileID: 0}
    - target: {fileID: 4392081859372460439, guid: 049d090c06dfbaf45959b2022ee91789,
        type: 3}
      propertyPath: m_LocalRotation.x
      value: -0
      objectReference: {fileID: 0}
    - target: {fileID: 4392081859372460439, guid: 049d090c06dfbaf45959b2022ee91789,
        type: 3}
      propertyPath: m_LocalRotation.y
      value: -0
      objectReference: {fileID: 0}
    - target: {fileID: 4392081859372460439, guid: 049d090c06dfbaf45959b2022ee91789,
        type: 3}
      propertyPath: m_LocalRotation.z
      value: -0
      objectReference: {fileID: 0}
    - target: {fileID: 4392081859372460439, guid: 049d090c06dfbaf45959b2022ee91789,
        type: 3}
      propertyPath: m_LocalRotation.w
      value: 1
      objectReference: {fileID: 0}
    - target: {fileID: 4392081859372460439, guid: 049d090c06dfbaf45959b2022ee91789,
        type: 3}
      propertyPath: m_RootOrder
      value: 3
      objectReference: {fileID: 0}
    - target: {fileID: 4392081859372460439, guid: 049d090c06dfbaf45959b2022ee91789,
        type: 3}
      propertyPath: m_LocalEulerAnglesHint.x
      value: -90
      objectReference: {fileID: 0}
    - target: {fileID: 4392081859372460439, guid: 049d090c06dfbaf45959b2022ee91789,
        type: 3}
      propertyPath: m_LocalEulerAnglesHint.y
      value: 0
      objectReference: {fileID: 0}
    - target: {fileID: 4392081859372460439, guid: 049d090c06dfbaf45959b2022ee91789,
        type: 3}
      propertyPath: m_LocalEulerAnglesHint.z
      value: 0
      objectReference: {fileID: 0}
    - target: {fileID: 4392081859372460439, guid: 049d090c06dfbaf45959b2022ee91789,
        type: 3}
      propertyPath: m_LocalScale.x
      value: 1
      objectReference: {fileID: 0}
    - target: {fileID: 4392081859372460439, guid: 049d090c06dfbaf45959b2022ee91789,
        type: 3}
      propertyPath: m_LocalScale.y
      value: 1
      objectReference: {fileID: 0}
    - target: {fileID: 4392081859372460439, guid: 049d090c06dfbaf45959b2022ee91789,
        type: 3}
      propertyPath: m_LocalScale.z
      value: 1
      objectReference: {fileID: 0}
    m_RemovedComponents:
    - {fileID: 4392081859372299700, guid: 049d090c06dfbaf45959b2022ee91789, type: 3}
  m_SourcePrefab: {fileID: 100100000, guid: 049d090c06dfbaf45959b2022ee91789, type: 3}
--- !u!4 &8263963919840872082 stripped
Transform:
  m_CorrespondingSourceObject: {fileID: 4392081859372460439, guid: 049d090c06dfbaf45959b2022ee91789,
    type: 3}
  m_PrefabInstance: {fileID: 5646581859767267077}
  m_PrefabAsset: {fileID: 0}
--- !u!1001 &6399509578006999503
PrefabInstance:
  m_ObjectHideFlags: 0
  serializedVersion: 2
  m_Modification:
    m_TransformParent: {fileID: 7432622557476287136}
    m_Modifications:
    - target: {fileID: 4392081859372299703, guid: 049d090c06dfbaf45959b2022ee91789,
        type: 3}
      propertyPath: m_Name
      value: Book_Red (1)
      objectReference: {fileID: 0}
    - target: {fileID: 4392081859372299703, guid: 049d090c06dfbaf45959b2022ee91789,
        type: 3}
      propertyPath: m_TagString
      value: Untagged
      objectReference: {fileID: 0}
    - target: {fileID: 4392081859372299703, guid: 049d090c06dfbaf45959b2022ee91789,
        type: 3}
      propertyPath: m_Layer
      value: 0
      objectReference: {fileID: 0}
    - target: {fileID: 4392081859372299703, guid: 049d090c06dfbaf45959b2022ee91789,
        type: 3}
      propertyPath: m_StaticEditorFlags
      value: 0
      objectReference: {fileID: 0}
    - target: {fileID: 4392081859372460439, guid: 049d090c06dfbaf45959b2022ee91789,
        type: 3}
      propertyPath: m_LocalPosition.x
      value: 0
      objectReference: {fileID: 0}
    - target: {fileID: 4392081859372460439, guid: 049d090c06dfbaf45959b2022ee91789,
        type: 3}
      propertyPath: m_LocalPosition.y
      value: -0.005309259
      objectReference: {fileID: 0}
    - target: {fileID: 4392081859372460439, guid: 049d090c06dfbaf45959b2022ee91789,
        type: 3}
      propertyPath: m_LocalPosition.z
      value: 0.008818814
      objectReference: {fileID: 0}
    - target: {fileID: 4392081859372460439, guid: 049d090c06dfbaf45959b2022ee91789,
        type: 3}
      propertyPath: m_LocalRotation.x
      value: -0
      objectReference: {fileID: 0}
    - target: {fileID: 4392081859372460439, guid: 049d090c06dfbaf45959b2022ee91789,
        type: 3}
      propertyPath: m_LocalRotation.y
      value: -0
      objectReference: {fileID: 0}
    - target: {fileID: 4392081859372460439, guid: 049d090c06dfbaf45959b2022ee91789,
        type: 3}
      propertyPath: m_LocalRotation.z
      value: -0
      objectReference: {fileID: 0}
    - target: {fileID: 4392081859372460439, guid: 049d090c06dfbaf45959b2022ee91789,
        type: 3}
      propertyPath: m_LocalRotation.w
      value: 1
      objectReference: {fileID: 0}
    - target: {fileID: 4392081859372460439, guid: 049d090c06dfbaf45959b2022ee91789,
        type: 3}
      propertyPath: m_RootOrder
      value: 1
      objectReference: {fileID: 0}
    - target: {fileID: 4392081859372460439, guid: 049d090c06dfbaf45959b2022ee91789,
        type: 3}
      propertyPath: m_LocalEulerAnglesHint.x
      value: -90
      objectReference: {fileID: 0}
    - target: {fileID: 4392081859372460439, guid: 049d090c06dfbaf45959b2022ee91789,
        type: 3}
      propertyPath: m_LocalEulerAnglesHint.y
      value: 0
      objectReference: {fileID: 0}
    - target: {fileID: 4392081859372460439, guid: 049d090c06dfbaf45959b2022ee91789,
        type: 3}
      propertyPath: m_LocalEulerAnglesHint.z
      value: 0
      objectReference: {fileID: 0}
    - target: {fileID: 4392081859372460439, guid: 049d090c06dfbaf45959b2022ee91789,
        type: 3}
      propertyPath: m_LocalScale.x
      value: 1
      objectReference: {fileID: 0}
    - target: {fileID: 4392081859372460439, guid: 049d090c06dfbaf45959b2022ee91789,
        type: 3}
      propertyPath: m_LocalScale.y
      value: 1
      objectReference: {fileID: 0}
    - target: {fileID: 4392081859372460439, guid: 049d090c06dfbaf45959b2022ee91789,
        type: 3}
      propertyPath: m_LocalScale.z
      value: 1
      objectReference: {fileID: 0}
    m_RemovedComponents:
    - {fileID: 4392081859372299700, guid: 049d090c06dfbaf45959b2022ee91789, type: 3}
  m_SourcePrefab: {fileID: 100100000, guid: 049d090c06dfbaf45959b2022ee91789, type: 3}
--- !u!4 &7222770086992681048 stripped
Transform:
  m_CorrespondingSourceObject: {fileID: 4392081859372460439, guid: 049d090c06dfbaf45959b2022ee91789,
    type: 3}
  m_PrefabInstance: {fileID: 6399509578006999503}
  m_PrefabAsset: {fileID: 0}
--- !u!1001 &6566044327426560015
PrefabInstance:
  m_ObjectHideFlags: 0
  serializedVersion: 2
  m_Modification:
    m_TransformParent: {fileID: 7432622557476287136}
    m_Modifications:
    - target: {fileID: 4392081859372299703, guid: 049d090c06dfbaf45959b2022ee91789,
        type: 3}
      propertyPath: m_Name
      value: Book_Red
      objectReference: {fileID: 0}
    - target: {fileID: 4392081859372299703, guid: 049d090c06dfbaf45959b2022ee91789,
        type: 3}
      propertyPath: m_TagString
      value: Untagged
      objectReference: {fileID: 0}
    - target: {fileID: 4392081859372299703, guid: 049d090c06dfbaf45959b2022ee91789,
        type: 3}
      propertyPath: m_Layer
      value: 0
      objectReference: {fileID: 0}
    - target: {fileID: 4392081859372299703, guid: 049d090c06dfbaf45959b2022ee91789,
        type: 3}
      propertyPath: m_StaticEditorFlags
      value: 0
      objectReference: {fileID: 0}
    - target: {fileID: 4392081859372460439, guid: 049d090c06dfbaf45959b2022ee91789,
        type: 3}
      propertyPath: m_LocalPosition.x
      value: -0.00094528194
      objectReference: {fileID: 0}
    - target: {fileID: 4392081859372460439, guid: 049d090c06dfbaf45959b2022ee91789,
        type: 3}
      propertyPath: m_LocalPosition.y
      value: 0.0007763231
      objectReference: {fileID: 0}
    - target: {fileID: 4392081859372460439, guid: 049d090c06dfbaf45959b2022ee91789,
        type: 3}
      propertyPath: m_LocalPosition.z
      value: 0.014168665
      objectReference: {fileID: 0}
    - target: {fileID: 4392081859372460439, guid: 049d090c06dfbaf45959b2022ee91789,
        type: 3}
      propertyPath: m_LocalRotation.x
      value: -0
      objectReference: {fileID: 0}
    - target: {fileID: 4392081859372460439, guid: 049d090c06dfbaf45959b2022ee91789,
        type: 3}
      propertyPath: m_LocalRotation.y
      value: -0
      objectReference: {fileID: 0}
    - target: {fileID: 4392081859372460439, guid: 049d090c06dfbaf45959b2022ee91789,
        type: 3}
      propertyPath: m_LocalRotation.z
      value: -0
      objectReference: {fileID: 0}
    - target: {fileID: 4392081859372460439, guid: 049d090c06dfbaf45959b2022ee91789,
        type: 3}
      propertyPath: m_LocalRotation.w
      value: 1
      objectReference: {fileID: 0}
    - target: {fileID: 4392081859372460439, guid: 049d090c06dfbaf45959b2022ee91789,
        type: 3}
      propertyPath: m_RootOrder
      value: 0
      objectReference: {fileID: 0}
    - target: {fileID: 4392081859372460439, guid: 049d090c06dfbaf45959b2022ee91789,
        type: 3}
      propertyPath: m_LocalEulerAnglesHint.x
      value: -90
      objectReference: {fileID: 0}
    - target: {fileID: 4392081859372460439, guid: 049d090c06dfbaf45959b2022ee91789,
        type: 3}
      propertyPath: m_LocalEulerAnglesHint.y
      value: 0
      objectReference: {fileID: 0}
    - target: {fileID: 4392081859372460439, guid: 049d090c06dfbaf45959b2022ee91789,
        type: 3}
      propertyPath: m_LocalEulerAnglesHint.z
      value: 0
      objectReference: {fileID: 0}
    - target: {fileID: 4392081859372460439, guid: 049d090c06dfbaf45959b2022ee91789,
        type: 3}
      propertyPath: m_LocalScale.x
      value: 1
      objectReference: {fileID: 0}
    - target: {fileID: 4392081859372460439, guid: 049d090c06dfbaf45959b2022ee91789,
        type: 3}
      propertyPath: m_LocalScale.y
      value: 1
      objectReference: {fileID: 0}
    - target: {fileID: 4392081859372460439, guid: 049d090c06dfbaf45959b2022ee91789,
        type: 3}
      propertyPath: m_LocalScale.z
      value: 1
      objectReference: {fileID: 0}
    m_RemovedComponents:
    - {fileID: 4392081859372299700, guid: 049d090c06dfbaf45959b2022ee91789, type: 3}
  m_SourcePrefab: {fileID: 100100000, guid: 049d090c06dfbaf45959b2022ee91789, type: 3}
--- !u!4 &7488511640693881240 stripped
Transform:
  m_CorrespondingSourceObject: {fileID: 4392081859372460439, guid: 049d090c06dfbaf45959b2022ee91789,
    type: 3}
  m_PrefabInstance: {fileID: 6566044327426560015}
  m_PrefabAsset: {fileID: 0}
